2206 3480
392 160 497 204 250·
579 144 680 200 DE
719 138 1294 195 VESTIMEMTIS
1336 130 1944 198 ROMANORVM.

406 243 549 284 Eadem
561 244 598 282 in
614 240 679 281 illa
697 237 855 279 Domini
869 234 1113 287 dier-eperies
1127 247 1137 276 ;
1151 231 1212 273 sed
1228 233 1364 273 &eum
1383 237 1450 289 qui
1462 233 1529 274 hic
1547 234 1674 274 Deum
1686 233 1834 276 secutus
1843 250 2005 278 monen·
2048 241 2089 294 A

409 298 763 343 tem,suadentem;
785 289 1097 346 seruipersonam
1111 289 1282 332 sustinuit
1300 290 1426 335 bene,
1451 292 1556 345 regia
1576 305 1655 331 non
1676 305 1765 333 raro
1786 292 1893 333 inter
1903 294 2008 335 caeli-

408 367 467 397 tes
489 363 721 395 aeter-natura
753 349 979 390 donandum
1007 361 1155 389 corona
1177 362 1189 393 ;
1223 361 1308 387 cum
1335 362 1413 389 non
1440 351 1556 402 pauci
1580 351 1732 403 Regum
1757 348 2006 392 seruitutem..

414 413 582 453 seruient
599 411 766 449 omnium
787 404 1074 447 infeliciffimam
1090 429 1101 449 ‚
1128 418 1333 459 numquam
1354 410 1458 446 inter
1474 416 1642 447 aeternos
1669 409 1775 462 ignes
1801 407 2003 461 deponen·

408 471 514 510 dam.
548 467 678 506 Mutat
689 468 862 505 nimirum
882 463 1051 504 tribunal
1066 463 1159 503 illud
1173 466 1330 503 Domini
1345 462 1537 504 theatrum
1550 493 1560 508 ,
1573 461 1743 508 scenam3
1772 464 1844 503 &e
1863 465 2002 505 Domi-

407 530 464 566 nis
478 524 608 565 seruos
620 552 630 567 ,
646 522 667 562 ὲ
688 520 802 562 seruis
822 523 1015 560 Dominos
1033 519 1184 561 statuit:
1200 524 1374 575 praemiat
1386 519 1513 561 seruos
1525 551 1536 566 ,
1551 523 1664 575 punit
1676 522 1867 561 Dominos
1885 553 1893 560 .
1905 521 2003 562 Bea-

407 588 436 623 ti
447 581 561 625 serui‚
577 594 740 635 quorum
755 582 909 634 praemia
922 576 1027 618 felici
1043 578 1084 618 &
1102 581 1265 632 perenni
1278 577 1812 622 commesuranturlibertate3
1829 576 2005 622 infelices

409 641 573 680 Domini
586 651 751 692 quorum
767 649 897 692 poenae
911 633 1109 675 infelici&
1124 646 1277 676 aeternae
1290 633 1530 678 respondent
1544 633 1736 675 seruituti.
1767 634 1882 676 Nulla
1905 645 2003 676 tunc

409 700 571 737 eruntin
587 695 646 736 illa
656 695 720 735 die
734 692 898 747 amplius
913 690 1127 734 discrimina
1140 706 1322 747 purpurae
1346 690 1497 747 &sagi;
1520 707 1596 732 non
1617 692 1821 746 sceptri&
1844 692 2004 746 ligonis;

408 768 491 795 non
507 753 635 794 dodiae
650 753 691 791 &
703 751 873 791 indoc‘rae
886 753 1020 790 mentis
1033 764 1043 794 ;
1058 764 1136 788 non
1152 751 1282 789 diuitis
1298 752 1340 790 ὃς
1352 755 1555 804 pauperis:
1572 763 1649 789 non
1668 750 1847 794 Domini,
1871 751 2004 804 Regis,

408 810 520 853 serui.
556 809 644 851 Sola
658 811 756 862 enim
770 809 911 848 virtute
923 807 977 846 ibi
991 805 1359 850 discriminabiinur3
1389 805 1474 847 solis
1491 810 1647 850 meritis,
1659 805 1928 860 demeritisque
1944 807 2003 845 di-

410 867 652 909 scernemur.
669 868 776 906 Dura
791 866 898 904 nimis
911 862 1165 917 sorsRegum,
1178 866 1403 918 Principum
1415 864 1559 907 ‚saeculi
1574 878 1805 918 magnorum,
1825 863 1999 906 diuitum,

412 925 600 965 nobilium
616 952 627 969 ‚
639 922 868 967 dostorum,
884 920 1103 963 ineruditae,
1119 935 1245 974 egenae
1261 951 1271 964 ,
1293 920 1380 963 vili,
1402 922 1443 961 ὃ(
1458 927 1570 962 toties
1588 921 1756 976 pedibus
1773 921 1935 961 calcatae
1951 934 2004 960 ae-

412 985 525 1037 quari
537 980 657 1036 plebi,
678 979 785 1023 Hoc,
797 978 1216 1033 inquam-Magnatibus
1233 978 1274 1016 ὃς
1288 979 1514 1032 Purpuratis
1531 981 1671 1023 euenit,
1688 978 1751 1018 vbi
1763 975 1887 1018 forsan
1907 989 2006 1021 cras,

409 1037 535 1080 forsan
553 1039 672 1079 hodie
684 1057 702 1081 ‚·
714 1034 837 1077 forsan
851 1036 923 1075 hac
938 1034 1033 1074 hora
1043 1033 1194 1078 fabulae}
1209 1048 1322 1088 quam
1334 1038 1491 1087 agimus,
1512 1036 1672 1076 reduRa
1687 1036 1839 1075 cortina
1853 1032 1994 1075 fuerint

411 1097 682 1150 expurpurati‚
693 1092 907 1136 exsericati,
919 1092 1023 1132 nulla
1038 1092 1235 1145 dignitatis
1247 1090 1518 1147 cuiuscumque
1531 1094 1783 1146 praerogatiua
1797 1122 1807 1136 ,
1829 1089 1933 1130 nullo
1945 1091 2004 1130 di·
2027 1070 2065 1120 Β

413 1151 589 1194 scriinine
616 1148 761 1206 sceptri
791 1151 835 1190 &
856 1149 1018 1204 ligonis,
1045 1148 1195 1191 tremuli
1218 1149 1391 1192 stabunt.
1419 1153 1525 1194 Vera
1544 1150 1655 1191 nimis
1681 1149 1765 1190 haee
1790 1146 2006 1189 suntetad-

415 1208 603 1251 uertenda
621 1241 632 1252 .

634 1327 752 1405 De
790 1326 1224 1405 Vestimentis
1248 1325 1759 1405 Romanorum
1783 1335 1805 1415 ‚⁴
1852 1324 1861 1334 ’

972 1440 1152 1548 Cap.
1220 1440 1330 1521 Vl
1351 1440 1373 1518 l
1396 1440 1442 1516 l.

414 1611 530 1719 O
552 1610 700 1652 Vantus
712 1610 817 1666 apud
831 1611 1032 1652 Romanos
1055 1610 1167 1654 fuerit
1187 1610 1298 1653 luxus
1320 1612 1363 1652 &
1381 1612 1633 1667 pecuniarum
1660 1607 1797 1652 effusio
1819 1610 1925 1649 cii-ca
1937 1620 2006 1648 eo-

569 1669 728 1708 rundem
745 1667 968 1710 vestimenta
981 1670 1024 1709 &
1039 1670 1184 1710 cultum
1199 1683 1208 1710 ε
1222 1682 1368 1723 praeter
1380 1671 1399 1710 ἐι
1416 1667 1670 1723 scriptoribus
1682 1667 1798 1709 relata
1820 1665 1992 1705 breuiter

412 1740 485 1766 nos
496 1727 608 1766 etiam
625 1725 753 1779 aliqua
771 1725 1093 1779 perstringemus:
1113 1725 1249 1765 sumam
1263 1730 1377 1779 igitur
1398 1728 1560 1780 primum
1581 1727 1605 1778 ἦ.
1625 1723 1795 1766 censore
1814 1726 1996 1765 Seneca,

410 1784 519 1831 lib.7.
536 1784 577 1822 N
584 1792 678 1823 atur.
693 1781 824 1833 quaest:
840 1781 898 1822 his
910 1782 1036 1821 vei-bis
1051 1782 1279 1836 :Quidquid
1292 1782 1344 1821 εΗ
1354 1782 1441 1821 boni
1451 1785 1571 1823 moris,
1583 1783 1831 1832 extinguimus
1845 1780 2007 1819 leuitate»

412 1840 632 1893 &politura
644 1849 832 1890 corporum
844 1853 857 1877 .·
887 1841 943 1877 M
947 1838 1099 1878 uliebres
1124 1838 1323 1878 mundicias
1348 1837 1588 1893 antecefflmus
1597 1866 1607 1881 ,
1634 1838 1766 1877 colores
1790 1836 2008 1876 meretricios

420 1899 599 1936 matronis
612 1896 755 1949 quidem
771 1908 843 1934 non
857 1895 1074 1934 inducendos
1088 1924 1097 1938 ,
1124 1899 1206 1934 ‘ciri
1224 1891 1399 1951 summus
1413 1910 1425 1934 .·
1443 1906 1564 1935 tenero
1582 1895 1620 1937 6*
1636 1894 1737 1933 molli
1760 1890 1906 1949 ingreffit
1923 1888 2010 1944 fitfi
2028 1914 2075 1964 C

404 1954 599 2006 pendimus
605 1950 760 2002 gradum
777 1965 784 1991 :
808 1963 881 1990 non
896 1950 1121 1991 ambulamus
1131 1951 1202 2006 fi’d
1211 1953 1424 1992 insedimus:
1448 1964 1670 1992 exornamus
1690 1951 1835 1991 annulis
1853 1950 2001 2000 digitos,

414 2014 455 2050 in
468 2012 566 2049 omni
582 2008 881 2060 articulogemma
892 2007 1096 2062 disponitur
1109 2041 1117 2049 .
1144 2009 1214 2049 Ista
1227 2011 1277 2048 de
1289 2011 1376 2049 viris
1386 2039 1396 2054 ,
1410 2010 1505 2064 quid
1518 2009 1566 2049 de
1579 2009 1787 2049 quenibus
1798 2016 1813 2047 ?
1834 2008 1947 2046 Pater
1959 2005 2008 2043 il-

409 2067 480 2108 lius
498 2070 654 2107 Senecae
675 2079 705 2105 1-
720 2063 970 2106 Controuers.
984 2066 1232 2118 Torpentecce
1243 2069 1387 2118 ingenia
1398 2065 1569 2120 defidiosle
1583 2067 1795 2107 iuuentutis,
1813 2076 1876 2102 nec
1892 2066 1930 2101 in
1945 2061 2008 2103 vl.-

411 2125 479 2164 lius
487 2125 542 2162 rei
549 2122 705 2163 honefiae
719 2121 841 2162 labore
853 2123 1055 2174 vigilatur:
1076 2122 1268 2167 cantandi,
1281 2122 1521 2177 saltandique
1531 2121 1677 2177 obscena
1684 2119 1810 2171 studia
1821 2118 2006 2177 effemina-

411 2190 465 2220 tos
474 2189 616 2219 tenent:
648 2180 694 2223 ὠ·
706 2180 873 2231 capillum
882 2177 1062 2231 frangere
1072 2209 1081 2224 ‚
1104 2181 1149 2223 ἄν
1162 2180 1214 2220 ad
1227 2180 1412 2220 muliebres
1424 2178 1620 2219 blznditias
1634 2191 1758 2217 vocem
1770 2187 1973 2232 extenuare
1985 2197 1998 2217 5

391 2265 394 2268 -
410 2238 560 2277 mollitie
572 2240 728 2287 corporis
741 2246 878 2275 certare
886 2249 963 2276 cum
978 2234 1142 2286 firminis
1156 2266 1164 2281 ,
1199 2236 1246 2279 (J
1256 2234 1538 2292 immundgffimis
1557 2236 1600 2289 fi
1611 2236 1776 2274 excolere
1791 2233 2002 2286 munditiis,

407 2294 614 2334 murorum
625 2292 897 2346 adolescentium
908 2291 1163 2346 specimentst.
1193 2293 1294 2349 Qis
1304 2294 1494 2347 ‘equalium
1509 2292 1735 2333 vestrorum,
1767 2290 1860 2343 quid
1883 2288 2001 2326 dicam

398 2352 494 2405 satis
508 2347 704 2402 ingeniosus
714 2371 725 2391 ‚
736 2347 1004 2404 satisstudiosus
1016 2373 1027 2393 ‚
1039 2352 1112 2389 imo
1126 2352 1208 2404 quis
1207 2351 1304 2404 satis
1314 2353 1380 2388 vir
1392 2350 1443 2388 esi
1456 2357 1471 2388 ,θ
1486 2347 1647 2389 Emolliti
1654 2369 1665 2388 2
1679 2343 1895 2398 eneruesc'yue
1907 2343 2008 2397 quod

409 2410 491 2448 nati
494 2405 586 2460 fimt
597 2435 606 2449 ,
619 2407 731 2444 inuiti
740 2416 903 2450 manent,
915 2416 1183 2457 expugnatores
1192 2405 1503 2456 alienaepudicitiae
1514 2432 1524 2447 ,
1536 2403 1745 2455 negligentes
1762 2401 1837 2456 fita
1854 2432 1862 2440 .
1878 2401 2008 2441 Lucu-

411 2465 537 2504 lenter
552 2474 750 2516 Vtramque
763 2472 911 2503 aetatem
930 2463 978 2502 ab
992 2476 1163 2515 vrroque
1175 2460 1367 2515 scriptore
1382 2461 1575 2501 laudatam
1593 2492 1600 2500 .

410 2555 413 2556 γ
468 2521 531 2560 De
541 2518 708 2560 foeminis
720 2519 856 2560 addam
874 2542 885 2562 2
915 2533 1008 2575 quas
1032 2516 1164 2559 scimus
1178 2532 1265 2560 cum
1288 2522 1398 2559 venia
1411 2531 1582 2573 peccare
1593 2546 1602 2563 ‚
1633 2516 1699 2558 vbi
1718 2518 1787 2557 viri
1816 2516 2006 2571 gradum,

411 2577 561 2618 struunt
577 2586 591 2617 ?
605 2577 707 2616 Hinc
721 2578 948 2630 Propertius
968 2609 976 2617 .
1824 2578 1825 2582 ’

640 2636 830 2673 Matrona
842 2633 976 2673 incedit
987 2634 1105 2688 cenfits
1117 2635 1248 2673 induta
1259 2637 1304 2673 N
1306 2642 1448 2686 epotum
1458 2661 1466 2669 .

415 2694 558 2732 Seneca
571 2694 712 2730 iterum
725 2703 737 2728 .·
760 2691 866 2729 Video
879 2693 1034 2730 vniones
1043 2690 1427 2745 nonstngulosstugulis
1441 2689 1590 2729 auribus
1605 2695 1840 2740 comparatos:
1851 2688 2007 2737 iungun-

413 2759 474 2788 tur
487 2751 583 2786 inter
583 2747 644 2800 st,
655 2746 702 2789 ὠ
712 2749 749 2785 in
769 2758 859 2798 uper
866 2748 931 2801 aly*
944 2747 1023 2787 bini
1023 2746 1324 2802 fiaperponuntur
1337 2762 1345 2787 :
1376 2745 1547 2800 nonsatis
1557 2745 1740 2785 muliebris
1750 2743 1891 2798 infimia
1902 2746 2006 2781 viros
2026 2735 2074 2786 D

402 2803 610 2859 subiecerat
620 2832 629 2846 ,
650 2803 722 2857 nisi
728 2803 815 2842 bina
826 2832 835 2847 ‚
850 2817 894 2843 ac
907 2813 1010 2844 terna
1017 2807 1246 2856 patrimonia
1255 2803 1404 2844 auribus
1402 2802 1554 2855 fingulis
1560 2798 1805 2859 pependzffent
1815 2831 1823 2840 .
1854 2799 1918 2842 Ille
1931 2799 2004 2842 de.)

413 2860 567 2902 auribus
586 2863 764 2914 queritur
776 2888 786 2903 ‚
799 2860 840 2899 &
855 2860 906 2899 de
919 2871 1008 2900 toto
1021 2874 1192 2914 corpore
1213 2861 1397 2900 Manilius
1411 2889 1420 2897 .

638 2919 777 2970 Perque
793 2926 900 2968 caput
912 2916 1013 2956 ditavi
1025 2918 1173 2968 lapides,
1186 2928 1254 2968 per
1269 2917 1356 2957 colla
1369 2940 1380 2960 2
1395 2915 1606 2971 manusque,

638 2975 668 3014 Ε
671 2982 685 3011 t
691 2971 843 3024 pedibus
855 2976 968 3011 niueis
970 2972 1160 3028 fulftrunt
1167 2988 1279 3013 aurea
1291 2974 1435 3014 vincla.

410 3031 581 3073 Pedibus
593 3044 669 3071 non
690 3028 804 3070 solum
820 3028 1028 3073 aurum,sed
1045 3033 1085 3071 ὃ(
1099 3045 1253 3084 gemmae
1266 3029 1401 3071 scribit
1417 3031 1607 3071 Plin.Non
1623 3029 1849 3081 crepidarum
1859 3036 2003 3068 tantum

410 3088 644 3141 obfiragulin
660 3086 734 3139 sed
743 3086 790 3128 (φ
801 3089 885 3125 totis
900 3085 1051 3140 sbcculis
1063 3088 1172 3127 addi:
1201 3100 1316 3141 neque
1328 3092 1421 3127 enim
1433 3086 1565 3139 gestare
1585 3090 1658 3126 iam
1676 3088 1892 3137 margaritas
1905 3108 1917 3128 ‚
1939 3085 2011 3136 nisi

410 3146 545 3183 calcent
555 3174 563 3188 ,
578 3159 620 3184 ac
631 3156 698 3196 per
709 3145 864 3182 vniones
873 3146 982 3181 etiam
992 3144 1177 3182 ambulent
1188 3172 1199 3188 ,
1208 3142 1303 3197 finis
1315 3143 1368 3183 es}
1377 3176 1384 3183 .
1418 3147 1466 3185 Et
1483 3143 1584 3184 idem
1600 3156 1675 3196 pro
1693 3139 1840 3196 fastigio
1853 3140 2005 3183 insaniae.

416 3200 530 3241 addit
540 3230 549 3244 ‚
584 3200 698 3255 Visam
709 3199 733 3238 ἆ
742 3199 784 3253 fi'
796 3200 942 3239 Lolliam
954 3199 1142 3240 Paulinam
1153 3214 1196 3238 ne
1207 3200 1307 3253 strio
1320 3200 1463 3253 quidem
1477 3231 1487 3244 ‚
1510 3214 1553 3239 ac
1559 3200 1704 3253 fiilenni
1714 3203 2006 3240 caeremoniarum

416 3257 540 3313 aliquo
552 3265 735 3311 apparatu
747 3286 757 3303 ,
771 3256 843 3313 ſsd
848 3256 1078 3299 mediocrium
1089 3266 1230 3298 tantum
1238 3255 1459 3312 sponfitlium
1473 3269 1568 3298 coena
1577 3279 1587 3299 2
1589 3254 1815 3310 smaragdis,
1830 3258 2009 3307 margari-

1827 3311 1948 3368 tg'sque
