2206 3480
169 661 209 689 1¹⁷3
215 655 280 685 *bida
290 675 300 684 .

416 166 442 199 2
462 162 527 208 54
602 144 706 198 DE
744 127 1959 198 VESTIMENTls.ROMANORVM.

647 232 774 292 Quod
783 234 826 270 N
829 229 929 269 ilotes
937 239 1020 266 acus
1034 222 1259 281 compreffiam
1270 226 1416 276 peHine
1432 227 1559 266 Serum
2050 232 2097 288 Δ

653 290 786 331 soluit,
806 286 852 329 ὠ
864 282 1016 337 extensi)
1029 284 1182 322 laxauit
1178 279 1343 332 stamina
1356 282 1439 322 velo
1449 314 1458 323 .
1556 300 1557 303 ¹

417 349 634 394 Pellucidas
646 341 866 387 huiusmodi
877 340 996 382 vestes
1007 339 1143 381 Rallas.
1155 341 1343 381 {raritate
1355 338 1612 394 appellarunt.
1629 336 1784 380 Plautus
1795 337 1833 379 in
1852 337 2030 394 Epidico

421 411 552 449 Asta..
570 406 712 447 scen.2.
728 401 765 440 T
766 403 909 439 unicam
920 396 1065 439 ranam,
1082 402 1243 437 tunicam
1242 393 1402 452 spiffizm,
1420 395 1543 452 bpiffa
1558 399 1748 437 dennoris
1759 398 2032 453 materiae‚quae

419 474 544 506 totuin
556 473 700 516 corpus
714 459 941 511 obtegeret,
956 454 999 495 &
1009 454 1029 493 a
1043 452 1194 508 frigoris
1208 458 1342 495 iniuria
1356 464 1532 495 tueretur
1543 487 1552 496 .
1568 456 1695 496 Wtreae
1709 457 1822 493 etiam
1838 453 2027 495 diceban,

419 530 483 562 tur
495 519 611 561 vestes
623 513 830 571 pellucidae
840 543 850 560 ‚
867 509 1071 554 Claudian.
1087 512 1136 553 de
1150 509 1361 553 Consulatu
1373 510 1530 562 Olubrij
1546 526 1556 553 ε
1579 515 1797 555 Percurrens
1812 514 1954 551 vitreas
1954 510 2028 567 fieb

451 591 495 616 ur
519 580 568 617 ite
582 576 673 616 telas
690 605 700 617 .
1576 598 1577 601 ,

423 591 450 632 g
475 589 645 676 F‘iierunt
658 644 818 688 quoque
828 625 948 670 vestes
960 626 1006 666 H
1008 623 1169 668 erbidea
1179 626 1318 668 colore
1333 626 1383 669 fic
1401 627 1675 683 appellatam.
1687 628 1875 681 cyprian.
1892 627 1942 668 de
1957 627 2028 670 Di.

418 688 566 747 {ciplim
580 692 622 732 &
634 688 768 730 habitu
784 690 891 741 Virg.
909 686 968 725 Ne
978 697 1040 736 que
1052 685 1148 723 enim
1164 687 1261 724 Deus
1271 687 1479 727 coccineas,
1506 695 1572 727 aut
1591 696 1795 737 purpureas
1808 696 1889 723 oues
1905 681 2002 735 ficit
2016 711 2035 738 ,-

420 758 488 788 aut
500 747 696 789 herbarum
703 745 819 802 fiac-cis
829 767 840 787 ‚
854 739 938 789 idest
953 741 1095 779 virides
1104 762 1115 783 ‚
1135 739 1203 792 seu
1213 745 1359 782 carinas
1371 771 1381 787 ,
1397 741 1444 785 ἐφ’
1454 742 1647 797 conchyliis
1659 745 1798 795 tingere
1810 741 1858 783 ὠ·
1867 741 2031 782 colorare

424 804 527 846 lanas
539 805 679 846 docuit.
706 800 832 857 Quod
855 799 955 840 idem
971 796 1088 839 refert
1118 799 1279 840 Tertull-
1297 802 1345 840 de
1368 798 1518 841 Habitu
1539 799 1727 842 Muliebri
1752 796 1802 840 ad
1818 793 1932 841 finem
1949 831 1959 842 .
1985 799 2034 844 Et

427 861 508 906 hoc
521 864 636 905 etiam
659 863 784 915 Papin
812 858 920 899 lib.2.
940 854 1030 897 Silu.

939 916 994 952 M
999 912 1065 953 odo
1072 914 1226 965 puniceo
1236 913 1389 954 velabat
1398 915 1534 957 amma
1548 943 1560 961 ‚

654 979 697 1018 N
701 988 769 1015 unc
780 972 910 1014 herbas
922 975 1091 1011 imitante
1088 970 1175 1023 sime
1183 999 1192 1015 ‚
1207 984 1302 1011 nunc
1314 971 1416 1012 dulce
1431 972 1581 1013 rubenti

654 1035 828 1076 Murice,
843 1042 939 1070 nunc
947 1030 1047 1069 viuis
1057 1027 1187 1081 digitos
1198 1026 1390 1070 accendere
1399 1030 1551 1082 gemmis
2063 1076 2102 1127 B

666 1088 859 1130 Gaudebat
876 1119 886 1130 .

429 1152 575 1196 Rarior
586 1151 622 1189 in
637 1148 802 1188 vestibus
818 1146 937 1187 color.
951 1145 1073 1202 Niger
1089 1144 1179 1189 olim
1193 1145 1264 1188 fuit
1277 1161 1287 1192 ;
1301 1147 1449 1204 quippe
1464 1143 1634 1202 aspersus
1647 1144 1915 1203 superstitione
1927 1146 2015 1190 mali
2026 1174 2040 1193 ,

431 1207 658 1262 infaustique
673 1203 975 1246 ominis:idcirco
993 1203 1206 1245 Mamilius
1222 1207 1383 1246 Orat.in
1400 1206 1597 1248 Vatinium
1612 1207 1750 1260 inquit:
1763 1205 1836 1246 Cui
1847 1203 1893 1244 de
1904 1203 2040 1244 balneis

433 1266 588 1305 exeunti
596 1275 730 1315 praeter
742 1272 777 1303 te
787 1273 867 1314 toga
873 1262 978 1313 pulla
989 1273 1157 1314 ‘unquam
1170 1260 1260 1302 dara
1273 1261 1328 1302 ef}
1339 1269 1356 1302 ,τ
1370 1274 1450 1302 cum
1461 1271 1516 1303 tot
1524 1261 1713 1302 hominum
1726 1260 1842 1301 miHia
1856 1260 2043 1302 accumbe·

435 1333 518 1362 rent
529 1336 539 1366 ς
563 1334 641 1361 cum
656 1320 728 1374 ips}
744 1321 841 1373 epuli
850 1319 1018 1359 dommus
1028 1318 1208 1376 ,QAr-ius
1218 1318 1362 1360 albatus
1374 1316 1451 1375 effit
1463 1334 1474 1365 ς
1503 1329 1544 1359 tu
1557 1322 1597 1359 in
1610 1319 1782 1372 templum
1792 1317 1957 1362 Castoris
1970 1347 1982 1364 ‚
2008 1325 2044 1358 te

437 1392 515 1419 cum
528 1383 566 1420 C.
580 1378 708 1419 Fidulo
718 1386 841 1420 atrato
853 1404 863 1420 ‚
877 1374 1080 1431 caeteriffiue
1087 1374 1473 1430 tuisfierffssanefium
1482 1375 1645 1417 intulisti
1655 1406 1665 1417 .

497 1435 599 1476 Tale
613 1445 696 1476 erat
706 1433 919 1491 priscorum
939 1436 1205 1474 Romanorum
1218 1433 1381 1474 studium
1397 1436 1434 1474 in
1456 1432 1638 1483 aptandis
1650 1431 1816 1475 vestibus
1830 1432 2043 1477 colorum-s

437 1492 482 1533 <Sc
500 1492 819 1534 adinuentionum
843 1495 1033 1532 varietate
1047 1523 1057 1532 .
1085 1495 1126 1533 O
1155 1497 1298 1531 vtinam
1322 1489 1569 1547 temporibus
1578 1490 1717 1532 nostris
1730 1504 1810 1533 non
1824 1493 1942 1545 magis
1955 1505 2048 1536 exe-

439 1549 584 1590 crabile
598 1549 678 1590 hoc
692 1550 782 1590 effer
795 1549 899 1602 apud
917 1549 1129 1603 prudentes
1143 1546 1266 1588 saeculi
1288 1549 1413 1591 viros,
1439 1544 1516 1588 sese
1542 1549 1582 1588 in
1609 1545 1712 1588 veste
1736 1546 1948 1602 gloriantes
1960 1558 2048 1594 {vt-

436 1620 538 1662 pote
554 1605 577 1646 si
590 1610 675 1662 quiz
688 1620 828 1663 equum
839 1607 859 1646 a
875 1606 998 1646 diuite
1009 1603 1095 1646 sella
1107 1634 1121 1649 ,
1136 1604 1194 1646 vel
1212 1603 1351 1646 afinum
1364 1603 1523 1647 afraenis
1538 1604 1906 1648 aureislaudandum
1916 1614 2053 1660 putett

439 1663 628 1718 fiquidem
639 1670 675 1704 in
690 1666 847 1706 homine
862 1664 959 1717 quid
973 1665 1163 1718 corpori,
1184 1663 1280 1717 quid
1295 1666 1423 1704 animo
1435 1662 1652 1719 largiuntur
1661 1660 1782 1704 vestes
1797 1670 1815 1704 ἓ
1837 1666 1959 1708 vires,
1981 1660 2050 1702 de-

439 1733 591 1765 corem,
604 1720 860 1762 valetudinem
877 1722 1018 1759 bonam
1032 1722 1439 1774 ?‹acumen‚ingenium
1451 1729 1665 1763 armaturum
1676 1717 1881 1761 iudicium?
1896 1718 2052 1760 firmant

440 1778 692 1819 memoriam?
721 1775 891 1818 inserunt
909 1780 1085 1821 virtutes.
1113 1776 1391 1826 eruditionem,
1419 1776 1667 1821 industriam,
1687 1777 1964 1830 prudentiam?
1984 1786 2052 1817 aut
2088 1794 2091 1796 ·

444 1836 540 1890 quid
555 1836 705 1875 demum
724 1835 877 1876 donant
894 1836 1025 1874 animis
1043 1841 1059 1874 ?
1070 1831 1232 1878 sanstus,
1248 1832 1435 1890 benignus
1446 1856 1457 1874 2
1470 1832 1582 1875 fortis
1595 1838 1721 1875 minor
1732 1835 1784 1874 est
1796 1830 2049 1889 subpaupere

442 1905 559 1947 quam
569 1890 636 1932 sub
655 1892 776 1935 diuite
788 1890 894 1933 veste
907 1899 922 1932 ἓ
934 1901 998 1931 aut
1013 1891 1136 1931 maior
1151 1896 1293 1932 animus
1307 1892 1345 1933 in
1356 1905 1505 1947 gemma
1519 1921 1528 1935 ,
1542 1905 1637 1933 auro
1650 1915 1661 1936 ‚
1676 1903 1851 1946 purpura
1863 1904 1976 1945 quam
1988 1893 2051 1932 in„
2071 1911 2117 1965 C

440 1949 531 2004 {ago
546 1951 589 1990 &
600 1951 705 1990 tenui
719 1949 872 1990 lacerna
882 1947 938 1988 est
951 1956 966 1988 ?
980 1949 1062 1988 Aut
1070 1945 1289 2003 sapientiam
1304 1949 1521 2004 largiuntur
1532 1948 1671 1993 vestes,
1701 1959 1867 1989 mentem
1881 1947 2021 1989 castam
2034 1974 2046 1994 .

441 2011 546 2061 piam
560 2011 598 2047 in
617 2008 741 2047 Deum
754 2009 812 2052 ‚in
829 2006 990 2057 patriam
1003 2033 1012 2048 ,
1027 2016 1208 2059 parentes
1223 2013 1237 2047 ‚²
1251 2004 1449 2047 infr-astam
1463 2011 1499 2046 in
1515 2004 1708 2049 aduerfis,
1729 2004 1972 2047 moderatam
1988 2008 2053 2046 in..

442 2062 646 2118 prosperis
660 2072 676 2105 ‚²
690 2068 727 2104 in
740 2062 1045 2104 tristibuslaetam
1056 2090 1067 2106 .
1080 2065 1117 2102 in
1132 2061 1229 2102 laetis
1240 2072 1492 2119 temperatam
1505 2070 1521 2102 ?
1539 2066 1575 2102 in
1590 2062 1739 2110 iniuriis
1754 2065 1970 2116 patientem
1986 2084 1997 2106 ‚
2007 2063 2048 2104 in

446 2121 651 2172 beneflcijs
665 2132 810 2176 gratam
825 2128 841 2160 ἓ
852 2119 975 2169 Quod
990 2117 1016 2159 fi
1030 2132 1103 2161 nec
1115 2120 1501 2175 corporiquidquam
1515 2141 1528 2163 ³
1543 2132 1616 2159 nec
1633 2123 1761 2160 animo
1777 2118 1887 2160 vestis
1902 2118 2048 2164 donet,

446 2179 544 2232 quid
556 2178 706 2219 stultius
719 2192 831 2234 quam
845 2177 910 2217 illa
919 2175 1074 2231 gloriari
1084 2205 1094 2220 ‚
1108 2189 1184 2232 qua
1198 2176 1330 2230 plures
1346 2175 1440 2218 fatui
1455 2205 1465 2221 ‚
1478 2175 1650 2217 imbelles
1661 2199 1673 2220 2
1685 2176 1809 2221 timidi
1820 2205 1831 2221 ,
1845 2178 1971 2230 ignaui
1982 2205 1993 2221 .
2006 2178 2050 2218 &

443 2234 652 2276 sceleribus
667 2236 845 2276 omnibus
861 2231 1042 2278 immersu
1068 2247 1181 2288 quam
1195 2234 1431 2288 prudentes,
1446 2233 1581 2279 validi.
1597 2232 1773 2289 generofi
1789 2245 1834 2273 ac
1853 2232 1973 2287 probi
1988 2233 2049 2272 in-

444 2292 640 2333 duuntur?
653 2290 888 2334 ornatusille
902 2299 1014 2331 extra
1025 2289 1221 2332 hominem
1234 2285 1335 2330 suum
1352 2290 1430 2331 est:
1450 2288 1622 2330 miserum
1641 2304 1735 2343 ergo
1763 2290 1806 2329 δε
1828 2287 2046 2330 infortuna-

443 2360 525 2391 tum
539 2350 665 2390 alieno
679 2351 810 2392 &non
823 2347 890 2389 suo
913 2346 1150 2389 laudandum
1165 2363 1175 2394 ς
1202 2357 1381 2403 tanquam
1403 2346 1431 2388 ii
1452 2347 1538 2400 quis
1553 2346 1682 2387 alienis
1693 2344 1730 2386 se
1743 2346 1862 2387 iastet
1872 2345 2018 2402 opibus
2031 2368 2044 2390 2

445 2407 592 2448 viribus
603 2429 615 2450 2
629 2407 853 2448 eruditione
866 2437 875 2448 .

502 2465 580 2506 Sed
591 2478 711 2518 parua
721 2466 892 2519 quamuis
914 2477 974 2503 res
990 2462 1033 2503 fit
1043 2461 1197 2504 vestium
1209 2461 1400 2518 gestamen
1413 2491 1424 2507 ,
1439 2462 1570 2505 'index
1583 2473 1711 2506 tamen
1727 2464 1839 2505 animi
1858 2461 1898 2504 id
1910 2459 1982 2508 est,
2005 2471 2047 2504 vt

446 2521 563 2565 refert
577 2522 780 2564 Clemens:
793 2523 954 2562 Amifius
970 2520 1108 2561 indicat
1122 2521 1242 2575 qualis
1255 2521 1310 2574 sit
1321 2534 1459 2561 morum
1472 2520 1680 2562 noflrorum
1693 2521 1919 2562 conflantio.
1933 2520 1977 2559 Et
1994 2519 2048 2561 ita.

447 2582 657 2621 Dominum
672 2576 771 2620 suum
785 2578 894 2619 vestis
906 2578 1066 2632 prodit:
1093 2577 1341 2629 Mollisvgstis
1364 2578 1525 2633 (inquit
1537 2575 1870 2634 Chrysostomus)
1892 2572 2049 2632 diffiderit

449 2637 603 2689 rigidam
612 2638 794 2679 animam
823 2635 870 2678 ὼ·
870 2634 913 2687 st
922 2632 1108 2686 frigia'um
1120 2646 1247 2687 corpus
1261 2635 1411 2687 assumat
1425 2635 1470 2678 ὠ
1481 2637 1645 2689 asperum
1661 2658 1673 2679 ‚
1689 2632 1811 2685 facile
1828 2645 1898 2687 per
1919 2631 2047 2687 huiufi

448 2694 547 2732 modi
563 2694 745 2732 mollitiem
758 2692 952 2733 delicatum
963 2691 1085 2732 reddit
1105 2691 1150 2735 ὠ-
1163 2687 1324 2744 fragile.
1358 2694 1412 2733 Et
1441 2702 1587 2746 praeter
1610 2691 1805 2733 Achillem
1825 2693 1868 2732 &
1886 2691 2048 2731 Hercu-
2112 2739 2117 2743 Ι

448 2750 521 2791 lem
533 2760 660 2790 tantos
671 2752 772 2789 viros
791 2751 831 2790 &
842 2748 995 2789 humani
1007 2749 1170 2789 nominis
1184 2749 1328 2790 robora
1344 2748 1507 2791 molli&
1521 2747 1705 2790 foeminea
1718 2749 1818 2791 veste
1832 2749 1872 2789 in
1885 2746 2047 2789 derisum
2081 2744 2134 2797 D

444 2807 631 2851 indutos;
650 2820 727 2846 non
742 2806 902 2847 multum
914 2806 962 2847 ab
976 2807 1032 2846 his
1047 2807 1155 2847 cadit
1168 2805 1333 2860 Magnus
1346 2803 1499 2847 Samson
1518 2804 1622 2845 orbis
1644 2805 1868 2847 miraculum
1879 2837 1889 2847 .
1911 2805 2044 2847 Homo

446 2876 676 2919 quamquam
692 2861 813 2902 nudus
828 2863 1028 2904 &inuestis
1042 2863 1063 2903 a
1081 2863 1170 2902 Deo
1184 2871 1334 2902 creatus
1352 2863 1394 2903 δε
1415 2875 1463 2902 ex
1481 2873 1660 2904 materno
1674 2873 1784 2904 vtero
1794 2861 2039 2918 egrediatur;

448 2923 489 2962 ἃ
507 2919 685 2962 &delicto
697 2921 807 2974 primi
819 2921 989 2960 Parentis
1007 2920 1116 2961 vestis
1125 2915 1221 2960 folia
1236 2920 1278 2960 δε
1294 2919 1437 2960 exinde
1454 2918 1565 2973 pellis
1575 2923 1858 2975 prouenerint:
1872 2932 1953 2974 quo
1970 2933 2043 2960 nos

449 2978 573 3019 traxit
585 2976 709 3018 libibo
723 2976 766 3017 &
777 2975 914 3017 docuit
924 2979 1074 3018 tunicas
1087 2975 1209 3017 serere
1225 2985 1240 3018 ?
1257 2980 1342 3032 quis
1357 2975 1565 3018 herbarum
1578 2975 1700 3018 succis
1717 2975 2043 3018 &concharum-.-

452 3035 567 3075 alueis
579 3037 792 3090 incoquere
804 3033 931 3075 lanas?
949 3037 1035 3088 quis
1047 3036 1229 3076 animatas
1245 3034 1400 3075 stamine
1412 3032 1498 3075 aluo
1512 3034 1726 3088 bombyces
1738 3046 1875 3075 necare
1886 3041 1902 3074 ?
1931 3033 1971 3074 Ο
1985 3036 2044 3074 ni-

451 3095 520 3131 mis
536 3092 676 3148 dignos
693 3090 852 3132 foemina
864 3092 965 3131 viros
982 3092 989 3129 ἔ
1003 3103 1206 3146 quotquot
1223 3090 1410 3146 placendi
1425 3090 1585 3132 studium
1603 3105 1674 3144 per
1687 3089 2046 3142 vestium‘decorem

454 3158 634 3202 quaerunt
647 3177 657 3193 ,
674 3161 749 3188 nec
761 3162 837 3188 vno
849 3146 985 3188 colore
998 3150 1203 3193 contenti,
1229 3146 1295 3188 sed
1311 3148 1455 3188 millein
1469 3162 1546 3188 vno
1561 3161 1733 3202 corpore
1748 3146 1888 3204 lugiunt
1899 3170 1912 3192 ‚
1930 3161 2048 3202 quem

451 3206 644 3245 credimus
659 3207 822 3246 animum
833 3207 872 3245 in
889 3216 993 3245 tanta
1006 3209 1192 3245 varietate
1206 3204 1385 3246 c6s1stere
1397 3213 1412 3246 ἓ
1436 3205 1654 3245 &intanta
1666 3205 1853 3245 varietate
1866 3203 2050 3246 constan·

453 3263 570 3301 tiam?
589 3265 689 3303 Sane
710 3275 798 3303 cum
813 3262 876 3318 stab
899 3263 1112 3303 animorum
1135 3262 1299 3317 imperio
1311 3262 1392 3303 haec
1402 3266 1664 3317 proueniant,
1692 3260 1942 3303 necessarium
1964 3258 2049 3302 illos

1914 3329 1997 3359 non

658 939 782 950 ..—
