2206 3480
179 602 320 634 ]nncccntiy
334 600 369 623 X.

149 643 305 669 ντὲῗακτίιιιῢ

374 136 489 190 ἨΖ
615 136 715 188 DE
759 132 995 185 'VRBIS
1039 125 1783 180 RESTAVRATJONE.

387 246 473 277 tro:
498 233 686 271 innumeri
711 228 860 270 fontes:
889 226 1069 271 stationes
1097 229 1298 262 cameratae
1328 219 1521 262 flexilibus
1549 224 1682 267 ramis,
1698 222 1924 278 semperque
1939 230 1991 266 vg.
2021 228 2060 279 A

388 291 560 336 rentibus
580 285 824 341 folijs,spatia
837 281 1034 337 dispartita
1048 281 1194 336 pomis,
1208 281 1249 319 &
1260 276 1441 318 fioribus.-
1459 278 1524 319 hic
1543 281 1648 334 fraga
1662 310 1672 324 ‚
1689 282 1821 321 &reia
1832 311 1841 325 ‚
1862 283 1903 322 ὃ(
1915 296 1992 324 cae-

389 365 471 394 tera
486 349 584 389 veris
606 343 743 384 familia
769 356 777 381 ε
808 340 916 379 illinc
932 339 1113 378 arborum
1134 336 1274 377 foetus,
1301 336 1342 376 ἃ
1360 339 1486 390 grauis
1501 346 1718 377 autumnus.
1749 340 1778 378 E
1801 339 1989 391 planitie,

393 407 518 450 mollis
533 403 640 445 cliuo
655 396 851 440 descensus
866 425 876 440 ,
907 396 949 436 &
972 397 1153 436 adiacens
1169 392 1330 434 inferior
1347 407 1503 449 campus
1515 393 1698 434 malorum
1722 396 1987 438 medicaium„

394 465 522 507 ferax:
544 472 622 499 tum
636 456 800 513 platanis
814 454 1051 495 inumbratus
1069 450 1303 507 Hydraulam
1319 452 1339 491 a
1359 448 1437 489 sole
1452 449 1645 495 defen—diti
1669 453 1889 506 aquatilium
1913 468 1990 494 ma·

397 523 593 563 chinarum
608 512 711 569 quafi
727 514 940 567 Reginam,
959 509 1136 565 pluribus
1152 508 1322 561 Vndique
1335 503 1747 549 fontibus’coronatam
1759 540 1768 549 .

454 572 652 629 Superest,
674 580 714 611 vt
730 568 930 624 splendida
952 569 994 608 &
1010 563 1388 608 munificentlffimaa
1400 563 1637 607 Sanetiffimo
1656 567 1703 606 D.
1723 568 1776 606 N.
1794 569 1809 608 Ι
1825 568 1990 610 NNo-

394 637 467 678 GE
481 634 516 671 N
529 632 599 670 Ti
613 630 652 672 O
673 627 727 667 X.
750 625 916 668 aedificia
940 625 1117 666 extructa
1133 624 1362 663 referamus:
1388 636 1436 663 ex
1459 623 1600 677 quibus
1617 624 1805 665 LATER
1817 625 1990 666 ANEN-

396 691 502 734 SEM
521 686 719 727 Basilicam
733 682 977 724 Constantini
996 682 1394 737 Magni-imperatoris
1413 679 1619 734 Religione
1637 681 1678 720 &
1703 680 1992 736 magnificentia

398 747 634 792 extructam,
655 745 973 795 summorumque
995 737 1230 779 Pontificum
1253 739 1403 792 pietate
1423 736 1556 792 saepius
1579 735 1820 778 instauratam
1842 754 1854 777 .·
1885 750 1993 779 vetu-

397 809 494 850 state
508 808 580 844 iam
594 798 833 841 fatiscentem
845 821 856 841 ‚
879 810 921 837 ac
932 795 1163 836 fulcimentis
1176 795 1342 834 innixam
1360 808 1368 834 :
1394 808 1494 835 noua
1515 794 1720 834 molitione
1733 795 1782 834 ad
1796 806 1992 836 veterem„

398 873 568 918 exparte
581 857 706 898 adhuc
721 856 879 896 stantem
894 851 1162 893 conformata:
1194 863 1333 891 ornatu
1348 848 1610 905 splendidiore
1631 852 1650 890 a
1672 849 1927 892 fundamentis
1951 868 1991 892 e·-

400 926 489 963 tiam
506 916 684 958 restituit,
699 923 841 968 praeter
853 907 1097 952 transuersam
1114 912 1327 949 nauemiam
1341 908 1493 962 pridem
1504 910 1524 949 ἐι
1542 909 1744 950 Clemente
1765 909 1922 949 Octauo
1933 923 1995 950 re-

401 980 568 1020 stitutam
583 1006 591 1013 .
622 970 839 1012 Mirandum
856 981 974 1023 opus>
1004 967 1046 1007 &
1060 976 1169 1006 tanto
1181 965 1370 1006 Pontifice
1388 964 1541 1019 dignum
1555 980 1568 1013 :¹
1591 979 1676 1005 cum
1700 968 1801 1005 intra
1826 977 1902 1006 tres
1920 954 1996 1007 cir·

404 1040 503 1076 citer
519 1044 638 1072 annos
653 1042 730 1068 non
746 1025 1037 1067 solumbafflicae
1052 1024 1258 1066 structura,
1282 1036 1407 1062 verum
1434 1023 1476 1062 &
1492 1034 1646 1062 ornatus
1669 1021 1828 1063 eiusdem
1858 1025 1998 1077 lapidi-

406 1095 500 1137 bus,
523 1082 949 1138 &columnispretiolis
962 1080 1075 1122 fuerit
1088 1078 1307 1135 perfefius:
1333 1089 1373 1118 vt
1397 1093 1557 1133 quoque
1573 1081 1733 1118 alterum
1759 1081 1997 1134 Templum„
2027 1062 2063 1111 B

408 1148 541 1203 Magni
561 1142 804 1185 Constantini
824 1138 1039 1192 Baptismo,
1061 1136 1225 1177 bafilicae
1247 1136 1446 1180 adiacens,
1470 1138 1511 1176 δε
1530 1138 1550 1176 a
1574 1135 1888 1191 praecedentibus
1912 1141 2000 1180 Ro-

409 1209 525 1248 manis
538 1198 1040 1244 Pont2ficibusinchoatum,
1052 1193 1130 1249 ipse
1148 1197 1399 1235 Innocentius
1413 1196 1567 1247 penitus
1581 1190 1788 1234 absoluerit
1800 1221 1809 1231 .

468 1260 557 1303 Post
585 1259 611 1295 V
629 1260 665 1299 A
678 1258 717 1295 T
732 1258 746 1296 1
760 1259 794 1296 C
811 1256 843 1294 A
858 1255 894 1294 N
908 1260 941 1293 A
960 1253 1004 1292 M
1025 1252 1215 1292 Basilicam
1231 1251 1422 1305 Principis
1435 1249 1714 1303 Apostolorum
1737 1255 1777 1291 in
1792 1249 1902 1304 ¹hanc
1920 1265 2002 1292 mo-

409 1322 452 1363 lis
468 1314 760 1371 amplitudinem
778 1311 982 1365 multiplici
995 1313 1261 1353 Romanorum
1273 1306 1741 1348 Pontificfiaedificatione
1755 1308 2005 1363 perduetam

409 1375 577 1419 restabat
590 1384 716 1411 tamen
736 1380 894 1409 ornatus
908 1368 1060 1406 maioris
1074 1369 1177 1405 nauis
1201 1366 1221 1405 a
1241 1364 1358 1405 Paulo
1370 1366 1525 1418 Quinto
1540 1365 1726 1404 extructae
1737 1396 1747 1406 .
1771 1366 1889 1408 Vnde
1920 1369 1935 1407 Ι
1949 1367 2004 1405 N..

407 1436 444 1476 N
459 1437 498 1474 Ο
511 1435 544 1472 C
558 1434 586 1472 E
600 1430 633 1469 N
650 1430 689 1467 T
702 1430 747 1468 11
777 1426 829 1466 X.
849 1424 942 1465 iuss'u
959 1427 993 1463 in
1010 1425 1144 1463 eadem
1168 1425 1253 1462 naui
1268 1421 1404 1461 eodem
1419 1432 1596 1475 tempore
1612 1423 1652 1461 ἃ
1667 1423 1799 1475 paucis
1814 1423 2005 1464 mentibus

409 1492 473 1534 sex
485 1488 683 1546 grandium
696 1481 923 1525 sacellorum
939 1483 1104 1536 parietes
1119 1478 1581 1532 marmoribusingeniose
1595 1476 1747 1533 scalptis
1767 1506 1778 1523 ‚
1797 1492 1841 1520 ac
1866 1479 2007 1534 lapidi-

410 1552 482 1590 bus
497 1544 691 1601 pretiosm,
713 1555 806 1582 auro
824 1541 865 1580 ὃς
878 1539 1025 1579 mulinis
1041 1538 1171 1591 figuris
1188 1550 1292 1576 nouo
1308 1535 1497 1576 caelaturae
1516 1550 1635 1590 opere
1650 1535 1812 1575 mir³fice
1824 1535 1950 1577 vestiti
1964 1538 2006 1578 δε

413 1601 715 1648 ornatiexistunt
734 1613 742 1638 :
765 1597 970 1637 interiec‘iis
985 1598 1020 1634 in
1034 1606 1198 1648 vtraque
1213 1592 1348 1646 templi
1363 1592 1421 1632 ala
1441 1593 1662 1632 marmoreis
1688 1593 1883 1633 columnis
1897 1607 1910 1632 .·
1936 1595 2004 1634 de-

414 1667 530 1717 nique
544 1657 694 1700 stratoe
710 1659 815 1695 vario
836 1653 965 1709 lapide
980 1653 1207 1707 pauimento
1230 1648 1528 1703 magnificentius
1548 1650 1650 1688 idem
1673 1649 1855 1690 Pontifex
1881 1649 2008 1691 basili-

416 1734 498 1760 cam
516 1714 700 1757 absoluit.
728 1716 776 1753 Et
793 1715 962 1766 quamuis
989 1709 1057 1749 alia
1077 1713 1156 1749 duo
1182 1706 1330 1748 sacella
1356 1709 1392 1745 in
1410 1706 1544 1745 eadem
1557 1705 1708 1746 basilica
1726 1705 1791 1746 sub
1805 1708 2005 1761 (iregorio

417 1779 584 1820 Decimo
597 1772 717 1811 tertio
736 1799 745 1813 ,
770 1770 809 1807 &
826 1769 1032 1809 Clemente
1047 1766 1204 1807 Octauo
1225 1763 1418 1818 stuporem
1433 1763 1674 1817 temporibus
1696 1764 1766 1803 iliis
1793 1763 2006 1805 attulissent

416 1828 657 1876 'intuentibus
669 1825 911 1867 exsti-ustura
923 1824 1072 1864 illorum
1092 1823 1134 1861 ὃς
1148 1819 1318 1875 sumptus
1336 1820 1598 1872 magnitudine
1619 1835 1631 1860 .·
1649 1820 1862 1875 quod‹ibet
1879 1833 2006 1862 tamen

416 1904 464 1931 ex
479 1887 675 1943 praedistis
694 1885 913 1932 Innocentij
929 1881 1114 1922 Sacellum
1128 1878 1299 1919 artificio
1320 1878 1363 1917 &t
1386 1875 1532 1931 sumptu
1558 1875 1642 1918 satis
1668 1878 1880 1933 praedistos
1901 1892 2008 1918 ante-
2033 1896 2079 1949 C

417 1947 602 1989 cedentes
621 1941 796 1982 excedit.
1923 1935 1926 1938 ’

474 2004 652 2045 Extruxit
665 1998 765 2037 idem
783 1998 1036 2037 Innocentius
1056 1997 1093 2034 in
1115 1993 1431 2036 CAPITOLIO
1454 1991 1555 2033 aedes
1569 2006 1645 2032 non
1659 1990 1826 2045 dispares
1838 1991 1917 2043 alijs
1936 1993 2009 2032 iarn

418 2061 555 2103 erectis
567 2055 614 2097 ad
626 2052 954 2094 Conseruatorum
967 2050 1231 2094 refidentiam,
1255 2062 1296 2090 vt
1317 2051 1390 2090 iam
1413 2048 1589 2103 perfesto
1617 2048 1780 2089 eiusdem
1815 2049 2007 2104 Capitolii

418 2119 595 2160 theatro,
621 2116 769 2165 integra
784 2111 883 2151 illius
899 2109 979 2149 loci
995 2107 1181 2148 reddatur
1199 2103 1320 2162 prisca
1344 2106 1533 2150 maiestas;
1557 2108 1599 2147 &
1619 2106 1770 2161 singulis
1786 2107 1940 2148 vrbanis
1956 2118 2014 2146 ta-

421 2176 554 2216 bernis
566 2194 578 2214 ,
598 2168 656 2211 seu
673 2166 841 2210 officinis
852 2171 888 2207 in
901 2164 1039 2206 eodem
1055 2165 1221 2206 aedificio
1233 2163 1419 2204 disiuncta
1433 2188 1443 2208 ‚
1458 2162 1518 2205 seu
1537 2163 1711 2219 separata
1726 2165 2014 2206 constituantur

421 2228 629 2274 tribunalia
642 2228 690 2266 ad
705 2230 885 2266 maiorem
897 2222 1104 2264 Curialium
1122 2221 1446 2262 commoditatem
1462 2253 1471 2262 .

442 2325 445 2328 .
475 2292 521 2331 ln
539 2283 697 2327 FORO
724 2280 988 2322 AGONALl
1010 2292 1087 2318 non
1101 2276 1218 2317 solum
1232 2277 1451 2318 Gentilitias
1477 2277 1577 2319 aedes
1589 2278 1792 2333 splendide
1817 2278 2014 2320 extruxit,

425 2349 467 2388 ὃ(
478 2342 655 2385 ornauit:
682 2339 848 2394 plateam
863 2337 1008 2378 ibidem
1023 2334 1219 2390 ampliauit
1234 2333 1430 2375 demolitis
1444 2333 1621 2385 aedificijs
1633 2359 1645 2379 ,
1673 2348 1759 2388 quae
1786 2333 2017 2378 obstabant;

426 2406 470 2444 ὃ(
482 2405 655 2457 mag'num
667 2407 855 2452 praeterea
865 2391 1011 2435 fontem
1023 2404 1072 2433 ex
1084 2406 1183 2447 aqua
1199 2393 1356 2445 Virgine
1372 2394 1407 2431 in
1419 2390 1549 2430 medio
1562 2392 1655 2437 illius
1670 2389 1829 2432 mirifice
1843 2393 2015 2430 coi-riua-

425 2464 500 2502 uit:
521 2468 560 2499 vt
580 2454 669 2496 satis
683 2449 1001 2494 concinnefuerit
1013 2447 1103 2489 inde
1115 2446 1330 2503 expressum
1339 2446 1396 2488 his
1411 2446 1539 2495 verbis
1553 2446 1751 2489 numisma:
1776 2447 1908 2490 Abluto
1919 2461 2015 2501 aqua

428 2518 571 2570 Virgine
581 2512 795 2565 Agonalium
808 2521 950 2548 cruore.
972 2510 1026 2547 At
1044 2521 1138 2546 vero
1150 2504 1258 2560 quod
1270 2503 1809 2559 superathumanumsensum;
1833 2514 1874 2544 vt
1898 2503 2017 2544 moles

429 2568 607 2616 immensa
620 2569 853 2623 Aegyptiaci
868 2561 1044 2606 Obelisci
1055 2577 1102 2603 ex
1118 2561 1330 2605 Caracauae
1354 2562 1447 2617 Imp.
1464 2564 1585 2603 Circo
1602 2562 1761 2602 aduecsia
1781 2562 1822 2601 Sc
1837 2560 2018 2602 restaura-

429 2643 492 2675 ta3
517 2629 629 2683 supra
642 2627 787 2666 dictum
800 2621 945 2663 fontem
958 2618 1126 2675 suspensa
1138 2618 1328 2659 &librata
1347 2618 1547 2660 confistat:
1577 2621 1685 2660 cuius
1701 2615 1876 2660 Obelisci
1890 2621 2019 2672 Aegy-

432 2690 563 2742 ptiaca
578 2680 938 2737 Hieroglyphicain
955 2679 1124 2718 Latinum
1147 2676 1291 2716 idioma
1302 2676 1522 2730 explanauit
1548 2681 1596 2719 R.
1614 2678 1654 2716 P.
1669 2674 1899 2716 Athanafius
1919 2677 2018 2716 Kir-

437 2744 574 2783 cherus
589 2743 731 2780 societ.
751 2737 828 2778 Iesu
843 2733 1068 2777 Sanffiffimi
1092 2735 1141 2773 D.
1157 2736 1208 2773 N.
1226 2734 1444 2782 Innocentij
1463 2734 1576 2786 Papae
1598 2731 1708 2776 iuffi13
1727 2743 1767 2772 vt
1783 2746 1828 2771 ex
1843 2730 2019 2773 eruditis-
2045 2718 2093 2766 D

435 2800 527 2843 fimo
542 2797 642 2836 libro
654 2792 853 2849 peripsum
874 2797 911 2833 in
935 2793 1059 2833 lucem
1076 2791 1206 2834 edito,
1233 2793 1294 2830 cui
1314 2791 1449 2829 titulus
1470 2788 1644 2830 Obelisci
1661 2789 1889 2843 Pamphilij,
1910 2786 2020 2828 vide-

435 2872 475 2897 re
492 2855 564 2895 est.

495 2912 594 2952 Haec
615 2912 651 2948 in
672 2905 912 2949 pontificatu
938 2906 1159 2953 innocentii
1181 2901 1475 2957 splendescunt:
1499 2904 1637 2945 clarius
1662 2914 1783 2943 autem
1813 2899 2019 2942 coruscant

431 2970 639 3025 prudentia
657 2968 694 3004 in
710 2962 951 3004 remouendis
968 2961 1073 3001 bellis
1085 2961 1180 3001 vane
1190 2959 1375 3000 submotis
1390 2990 1398 3004 ,
1420 2960 1558 3015 quibus
1573 2962 1682 3001 ltalia
1698 2972 1779 3000 tota
1791 2958 2020 2999 interChri-

433 3028 572 3068 ilianos
587 3024 787 3075 Principes
801 3018 1123 3060 concutiebatur:
1147 3018 1339 3071 vigilantia
1353 3021 1390 3057 in
1406 3017 1632 3059 calamitofis
1652 3030 1813 3057 annonae
1832 3018 2021 3069 tempori-

434 3084 504 3123 bus
519 3079 747 3123 :¹1iberalitas
761 3092 807 3117 ne
823 3076 995 3130 Populus
1010 3075 1058 3115 illi
1072 3073 1260 3115 subiectus
1273 3075 1522 3128 vestigalibus
1537 3099 1548 3118 ‚
1563 3075 1605 3115 ὃ(
1617 3074 1695 3124 alijs
1708 3070 2022 3126 importabilibus

435 3140 619 3179 oneribus
634 3133 915 3190 aiiasimpofitis
930 3134 1058 3186 magis,
1071 3145 1116 3171 ac
1131 3135 1244 3185 magis
1256 3144 1545 3186 aggrauaretur:
1565 3132 1640 3171 διε.
1653 3129 1803 3179 Quibus
1817 3127 1896 3168 hoc
1908 3129 2022 3169 etiam

434 3195 658 3249 superest,vt
674 3207 811 3247 pacem
825 3187 1070 3231 vniuersalem
1089 3188 1131 3228 ὃ(
1143 3186 1353 3243 perfestam
1365 3191 1466 3230 inter
1480 3189 1686 3242 Principes
1699 3185 1938 3227 Christianos
1952 3198 2026 3240 per

436 3252 611 3293 eumdem
625 3251 877 3305 recipiamus,

1837 3304 1966 3343 Acce-
