2206 3480
484 47 1429 117 DEANVLIS.
1687 90 1783 130 271

113 157 155 210 A
352 153 507 194 Multas
520 153 560 193 in
573 152 698 206 digitis
708 181 719 197 ‚
730 153 855 206 plures
866 156 906 193 in
923 154 1085 194 carmine
1090 164 1250 206 gemmas·

409 213 577 253 Inuenies
588 224 601 250 :
620 210 705 249 inde
719 210 772 250 est
784 210 860 251 haec
866 221 960 263 puto
976 211 1072 250 culta
1089 224 1238 252 manus.

186 268 364 324 Ideoque
379 268 530 309 monuit
544 267 727 309 Clemens
742 266 1027 308 Alexandrinus
1042 272 1139 308 Ioco
1154 270 1280 309 citato
1291 297 1302 313 ‚
1317 281 1394 310 non
1409 268 1482 310 esse
1493 269 1512 311 a
1525 272 1612 311 viris
1629 273 1784 316 anulum

113 364 117 369 .
181 330 222 367 in
234 326 400 367 articulo
417 324 629 369 ferenduim
642 324 722 364 hoc
735 328 834 364 enim
851 325 1013 365 mulieris
1025 324 1110 368 effe,
1127 324 1242 366 sedin
1259 340 1385 380 paruo
1400 326 1533 382 digito,
1549 339 1666 385 atque
1680 332 1783 371 adeo

181 387 221 424 in
236 386 309 424 ima
323 387 404 423 eius
416 392 528 436 parte
546 382 841 422 collocandum.
871 382 996 422 Aulus
1013 382 1156 423 Gellius
1173 384 1308 424 lib.10.
1323 397 1411 440 cap.
1423 398 1479 426 10.
1495 388 1623 441 inquit
1637 401 1782 429 morem

182 442 406 482 Romanum
422 438 528 479 fuiffe
540 437 711 492 gestandi
726 437 878 479 anulum
891 440 927 478 in
941 438 1074 492 {digito
1098 438 1250 480 finistrae
1272 455 1426 486 manus,
1460 447 1527 497 qui
1553 444 1607 484 est
1628 448 1787 486 minimo

179 501 383 553 proximus
395 520 405 539 2
429 496 492 535 cui
508 496 552 535 &
564 495 726 536 anularis
741 509 881 537 nomen
895 494 1124 536 estinditum
1141 510 1150 535 :
1176 507 1313 539 extant
1323 509 1447 539 autem
1465 500 1590 541 eiusce
1604 501 1784 556 gestami-

179 559 237 595 nis
250 555 419 595 rationes
432 555 537 607 apud
558 552 966 606 Macrob.lib.7.cap.
983 565 1044 599 14.
1059 557 1241 606 quoniam
1266 555 1306 594 in
1333 555 1440 596 libris
1467 562 1693 600 anatomicis
1715 575 1787 601 vo-

178 612 262 652 lunt
278 611 393 666 aquui
407 638 416 653 ,
442 623 601 650 neruum
625 608 834 665 quemdam
854 607 903 648 de
919 609 1046 648 corde
1064 620 1194 649 natum
1210 624 1375 666 pergere
1397 612 1512 667 vsque
1527 615 1575 655 ad
1592 617 1783 670 digitum..

177 681 309 710 manus
322 667 474 708 finistrae
490 667 650 707 minimo
670 669 887 720 proximum
898 680 907 709 ;
919 665 1359 720 quodderisuihabetur
1373 671 1477 723 apud
1490 674 1591 711 viros
1605 679 1755 726 peritos
1769 705 1780 721 ,

177 728 245 781 qui
261 727 441 780 inquiunt
452 723 547 765 nihil
558 722 774 765 huiusmodi
787 736 1015 778 comparere
1030 726 1069 763 in
1081 723 1252 766 humano
1263 738 1438 781 corpore
1449 740 1463 766 .·
1482 728 1543 767 vel
1554 733 1689 784 potius
1703 759 1713 775 ‚
1737 744 1779 773 vt

174 783 308 838 inquit
324 781 558 823 Macrobius
571 782 710 823 citatus
721 811 732 828 ‚
744 780 919 822 dicamus
930 809 940 825 ,
964 782 1076 836 quod
1089 784 1126 821 in
1137 796 1186 823 eo
1198 784 1325 839 digito
1335 797 1483 838 gemma
1499 785 1598 827 anuli
1610 786 1660 827 ab
1673 791 1783 829 omni
1807 805 1811 810 ·

178 840 339 883 laefione
353 837 446 879 esset
458 835 638 880 tutiffima
649 869 659 880 .

231 894 511 950 Distinguebat
536 898 651 937 etiam
667 895 799 937 anulus
823 899 1009 951 ingenuos
1024 897 1072 939 ab
1097 897 1322 939 hominibus
1346 896 1489 941 seruilis
1514 901 1778 947 conditionis3

177 954 350 1011 ideoque
363 954 481 996 Pater
493 953 598 1009 apud
615 956 759 995 Lucam
774 965 929 1010 cap.15.
943 957 993 994 ait
1007 968 1015 994 :
1043 955 1315 997 DateAnulum
1324 958 1364 996 in
1375 971 1487 998 manu
1497 961 1589 999 eins.
1614 961 1660 1002 Et
1674 958 1781 1000 fuisse

112 988 153 1040 B
179 1007 336 1055 aureum
347 1009 562 1067 probabile
573 1010 644 1057 est,
661 1025 711 1053 ex
724 1011 834 1064 epist.
851 1013 899 1051 D.
915 1012 1053 1053 Iacobi
1064 1016 1101 1053 in
1120 1017 1248 1069 princ.
1265 1027 1395 1069 capa.
1408 1015 1475 1070 qui
1486 1030 1557 1057 nec
1568 1019 1700 1060 seruis,
1715 1031 1786 1056 ne-

176 1084 257 1127 que
272 1068 420 1110 libertis
436 1068 724 1110 conueniebat:
747 1068 936 1110 Libertini
948 1073 1048 1111 enim
1066 1081 1273 1125 argenteo,
1292 1069 1532 1114 semiferi-eo
1550 1074 1787 1116 vtebantur:

177 1141 267 1169 cum
287 1127 330 1168 ὃς
343 1126 389 1176 ijs
401 1129 638 1168 conueniret
651 1125 854 1168 beneficio
875 1127 1070 1182 PrincipiS
1084 1140 1143 1172 ‚vt
1156 1138 1271 1169 notat
1280 1139 1425 1184 praeter
1443 1141 1610 1172 caeteros
1629 1130 1782 1186 Lipfius

175 1185 266 1227 lib.1
278 1198 308 1225 1.
326 1183 560 1226 electorum.
589 1186 775 1238 Quamuis
792 1182 1076 1225 consueuiss'ent
1093 1183 1208 1240 prisci
1223 1185 1398 1227 Romani
1425 1190 1463 1228 in
1489 1186 1617 1243 digitis
1648 1190 1782 1229 anulos

174 1241 325 1284 ferreos
334 1243 500 1296 gestare,
517 1241 732 1283 nobilitatis
748 1242 790 1282 &
802 1240 953 1284 bellicae
965 1245 1117 1283 virtutis
1132 1241 1298 1297 infigne,
1324 1252 1366 1284 vt
1393 1245 1533 1285 austor
1555 1245 1609 1286 est
1634 1247 1780 1286 Plinius

173 1299 240 1342 lib.
245 1314 268 1354 3
275 1312 311 1354 3.
327 1311 456 1355 cap-1.
471 1299 592 1344 Vnde
603 1309 825 1356 propterea
837 1297 938 1341 forte
950 1298 1055 1349 ferro
1065 1310 1343 1356 comparantur
1368 1301 1390 1342 a
1418 1302 1583 1343 Daniele
1609 1304 1783 1343 Romani

173 1368 321 1414 praeter
333 1356 423 1399 alias
438 1355 581 1403 causas,
595 1370 692 1413 quas
707 1358 884 1401 Pererius
899 1359 942 1402 ὅ(
957 1357 1018 1409 alij
1034 1359 1281 1413 expolitores
1298 1355 1494 1413 affignant.
1505 1362 1559 1400 At
1572 1374 1666 1400 vero
1679 1361 1786 1400 deui-

171 1416 239 1459 ἂι
253 1414 343 1458 Afia
360 1415 530 1458 &austo
538 1417 632 1458 luxu
642 1415 815 1464 Romani
825 1413 1016 1471 depositis
1030 1414 1160 1457 ferreis
1176 1415 1388 1470 digitorum
1403 1415 1521 1456 anulis
1534 1447 1544 1462 ,
1560 1431 1697 1458 aureos
1710 1431 1775 1457 ac—

172 1478 393 1524 ceperunt,
409 1472 564 1512 additis
581 1473 698 1513 etiam
709 1474 880 1529 gemmis,
895 1487 1106 1533 earumque
1124 1473 1295 1532 plurimis
1308 1487 1482 1529 generare
1507 1473 1779 1516 consueuerint

180 1527 315 1582 digitis
333 1526 560 1569 articulum:
578 1538 620 1570 vt
633 1531 705 1571 iam
718 1530 885 1574 diximus
898 1531 1010 1588 supra
1022 1565 1031 1574 .

230 1581 451 1625 Anniorum
469 1585 526 1626 ius
542 1584 702 1627 Liberto
712 1587 906 1631 tributum
918 1619 928 1635 ,
948 1600 992 1631 vt
1017 1588 1173 1645 scripfit
1188 1589 1381 1645 leianus
1406 1589 1445 1631 in
1459 1588 1479 1630 l.
1492 1604 1506 1631 1
1517 1604 1555 1630 o.
1566 1588 1601 1630 δῖ.
1615 1588 1680 1631 sed
1697 1592 1737 1631 ἃ
1751 1589 1778 1631 si

168 1637 280 1684 ius-ff.
297 1641 397 1681 dein
413 1644 471 1682 ius
483 1642 648 1684 vocand.
662 1657 742 1685 non
756 1647 889 1687 eximit
899 1646 1005 1688 illum
1017 1648 1038 1688 a
1050 1650 1269 1689 reuerentia
1281 1676 1292 1691 ‚
1317 1660 1432 1701 quam
1459 1647 1636 1688 Patrono
1665 1646 1778 1688 exhi-

171 1699 270 1740 bete
280 1697 414 1739 debet:
430 1699 473 1739 ὃς
486 1701 570 1740 hoc
580 1714 627 1741 ea
640 1705 807 1746 ratione,
823 1704 916 1758 quia
926 1703 1007 1745 vsus
1021 1703 1222 1745 anulorum
1235 1718 1440 1744 aureorum
1456 1702 1655 1745 beneficio
1669 1705 1777 1746 Prin„

167 1759 274 1811 cipis
291 1754 461 1796 tributus
474 1758 699 1802 libertinis,
722 1772 804 1813 quo
818 1759 866 1801 ad
881 1761 1038 1805 viuunt‚
1062 1762 1264 1817 imaginem
1276 1775 1355 1801 non
1368 1759 1504 1802 statum
1523 1764 1772 1817 ingenuitatis

101 1824 150 1877 C
171 1811 350 1872 praestat,
363 1823 405 1854 vt
417 1814 460 1854 in
473 1813 520 1855 l.1
533 1828 563 1855 1.
577 1816 627 1856 C.
644 1814 779 1857 delur.
792 1816 995 1859 anulorum
1008 1833 1213 1861 aureorum
1228 1851 1237 1859 .

231 1869 480 1927 Aestiuorum
491 1895 503 1916 ‚
515 1871 791 1914 &hiemalium
805 1875 1007 1916 anulorum
1022 1875 1123 1917 vsum
1140 1906 1151 1921 ‚
1174 1875 1294 1917 refert
1306 1875 1480 1917 quenal.
1494 1878 1616 1930 Saryr.
1632 1891 1662 1917 1.

397 1928 554 1971 Ventilet
564 1928 730 1972 aessiuum
742 1931 867 1985 digitis
875 1931 1106 1983 sisdantibus
1116 1946 1248 1974 aurum
1258 1954 1270 1974 ²

398 1989 446 2030 N
445 2000 483 2028 ec
493 1984 655 2046 fhfferre
669 1998 784 2041 queat
792 1992 941 2030 maioris
949 1991 1116 2041 pondera
1120 2001 1267 2042 gemmae
1281 2019 1292 2030 .

226 2045 291 2086 De
301 2042 519 2085 leuioribus
529 2044 655 2085 anulis
668 2044 822 2099 elegans
832 2046 887 2087 est
900 2046 1013 2086 locus
1032 2047 1078 2085 M
1083 2045 1206 2086 artial.
1219 2049 1368 2102 epIgr.6
1376 2059 1396 2101 3
1407 2077 1414 2085 .
1427 2042 1495 2086 lib.
1505 2056 1536 2095 ς.

400 2103 468 2142 Per
479 2103 580 2141 cuius
588 2101 719 2153 digitos
735 2103 852 2141 currit
861 2103 964 2142 Leuis
977 2100 1111 2141 anulus
1124 2114 1245 2142 omnes
1256 2133 1265 2143 .

225 2157 503 2200 Natalitiorum
516 2160 689 2198 meminit
697 2157 844 2198 Perfius
858 2161 979 2214 Satyr.
990 2173 1022 2200 1.

402 2217 451 2257 Et
464 2215 638 2257 natalitia
650 2214 798 2255 tandem
810 2228 890 2255 cum
903 2214 1134 2272 Sardonyche
1142 2216 1245 2256 albus
1256 2249 1263 2257 .

168 2273 281 2328 Qia
293 2272 428 2315 anulos
441 2271 598 2329 quidem
611 2269 835 2319 habebant,
861 2284 963 2330 quos
983 2273 1048 2314 die
1063 2283 1214 2315 tantum
1235 2275 1358 2316 natali
1373 2274 1574 2330 gestabant
1585 2300 1597 2322 2
1616 2275 1682 2325 seu
1693 2278 1774 2331 alijs

172 2330 383 2371 donabant
396 2360 408 2371 .

228 2386 294 2428 De
304 2387 510 2428 anulorum
523 2400 681 2428 munere
694 2387 864 2430 Martial.
876 2391 998 2445 epigr.
1012 2404 1028 2432 1
1037 2403 1103 2433 22·
1119 2389 1212 2438 1.14
1229 2388 1379 2432 Cicero
1395 2394 1510 2433 Orat.
1522 2403 1553 2442 ς.
1563 2393 1602 2432 in
1614 2397 1776 2436 Verrem

168 2443 318 2499 inquit:
342 2446 441 2497 Saepe
448 2447 544 2486 enim
558 2445 678 2486 noflri
687 2445 996 2502 Imppfiaperatis
1012 2447 1197 2492 hostibus,
1208 2452 1343 2501 optime
1356 2449 1555 2501 Republica
1560 2449 1667 2501 gesta,
1678 2452 1775 2491 Scri-

167 2500 234 2541 bas
243 2499 333 2556 fiaos
343 2502 472 2542 Anulis
487 2504 609 2542 aureis
620 2504 662 2542 in
676 2506 843 2544 concione
850 2504 1057 2545 donarunt.
1081 2508 1129 2547 Et
1147 2503 1253 2548 hunc
1268 2507 1370 2548 anuli
1386 2506 1581 2548 honorem
1596 2508 1634 2548 in
1651 2508 1776 2550 osten-

168 2559 359 2600 tationem
370 2558 487 2600 luxus
496 2560 616 2600 vertit
627 2560 818 2601 quenalis
832 2559 985 2616 satyr.7.

679 2619 847 2658 Ciceroni
858 2619 1141 2660 nemoducentos

92 2650 147 2704 D
394 2676 511 2714 Nunc
521 2671 663 2713 dederit
676 2686 839 2713 nummos
854 2704 863 2718 ‚
878 2673 1104 2731 nfifidsbrit
1118 2677 1257 2718 Anulus
1271 2679 1394 2730 ingens
1407 2708 1416 2718 .

171 2727 346 2771 Lubetin
359 2728 440 2770 hoc
454 2742 685 2785 argumento
699 2729 844 2771 referre
870 2745 1006 2772 munus
1027 2743 1198 2787 quatuor
1220 2735 1439 2776 Anulorum
1468 2735 1639 2779 Romani
1660 2739 1775 2779 Pont.

170 2787 397 2835 Innocentij
415 2790 484 2827 111.
504 2787 714 2829 Richardo
730 2789 881 2842 Angliae
896 2790 1006 2844 Regi,
1022 2801 1066 2832 vt
1077 2804 1166 2846 erga
1180 2790 1285 2832 hunc
1297 2796 1477 2835 eximium
1489 2793 1588 2835 illius
1604 2810 1773 2837 amorem

171 2845 488 2887 commendaret,
507 2857 556 2884 ex
569 2845 677 2901 epist.
691 2857 784 2895 205.
797 2846 943 2901 Regist.
956 2845 1124 2889 eiusdem
1149 2849 1267 2891 Pont.
1280 2850 1402 2892 relata
1419 2855 1460 2894 in
1469 2851 1613 2895 Annal.
1628 2851 1772 2895 Eccles.

170 2911 340 2954 tom.13.
353 2899 554 2954 Raynaldi
573 2904 713 2943 -Anno
732 2917 748 2943 1
761 2908 852 2953 198.
866 2916 1039 2955 num.52.
1053 2903 1111 2945 his
1126 2907 1256 2948 verbis
1271 2938 1282 2949 .

747 2959 889 3000 Illustri
906 2963 1007 3017 Regi
1025 2963 1195 3018 Angliae.

167 3018 276 3058 &Inter
292 3028 387 3070 opes
400 3024 592 3059 terrenas,
609 3026 702 3071 quas
717 3017 888 3058 mortalis
903 3020 1038 3060 oculus
1052 3020 1322 3077 concupiscit,
1337 3022 1444 3076 quafi
1454 3024 1606 3065 cariora
1620 3020 1779 3065 defide-

166 3084 227 3113 rat
245 3086 376 3113 aurum
390 3071 582 3126 obryxum
597 3102 606 3117 ,
631 3075 674 3113 &
692 3073 846 3129 lapides
873 3074 1090 3128 pretiosas;
1108 3076 1338 3121 licetautem
1352 3081 1429 3126 his,
1455 3079 1610 3135 alijsque
1629 3080 1776 3134 diuiths

168 3128 404 3171 excellentia
419 3129 553 3184 regalis
570 3130 748 3171 abundet
759 3161 769 3176 ‚
790 3134 827 3171 in
855 3131 996 3188 fignum
1011 3145 1138 3177 tamen
1164 3135 1381 3180 dilestionis
1404 3139 1447 3178 &
1458 3141 1590 3193 gratiae
1606 3149 1772 3195 quatuor

108 3192 111 3195 ·
170 3184 302 3227 anulos
315 3201 450 3229 aureos
465 3200 553 3229 cum
567 3187 729 3231 diuersis
741 3185 940 3245 lapidibus
947 3192 1128 3248 pretiofis
1147 3204 1223 3237 tuae
1239 3195 1505 3250 Magnitudini
1520 3195 1753 3240 destinamus
1764 3226 1774 3242 ‚

1316 3253 1368 3294 Ll
1427 3265 1452 3295 2
1681 3258 1720 3295 in

1802 2422 1831 2447 A
1833 2430 1867 2448 me
1871 2420 1891 2448 ,ἰ
1895 2432 1953 2450 rtem
1964 2432 2025 2453 mtt-

1802 2469 1851 2488 mu
1859 2482 1866 2490 ι
