2206 3480
204 79 299 132 DE
336 73 501 132 IVRE
539 73 860 131 CONNVB.
901 66 1120 129 INTER
1161 73 1358 130 CIVES
1399 77 1573 129 ROM.
1662 96 1762 143 ‘309

75 176 116 230 A
150 170 337 222 lexitque,
349 180 394 209 ac
396 165 576 222 probauit
585 166 706 210 vnice,
719 163 1069 222 &perftuerantem
1086 166 1281 208 Caeterum
1295 168 1401 209 Liuia
1413 168 1517 223 apud
1531 172 1756 225 Augustum,

149 226 356 271 Claudium
367 255 379 271 ,
394 222 561 268 Drusum
573 253 584 270 ‚
598 224 804 265 Neronem
817 228 919 265 intra
932 224 1046 265 trium
1059 223 1242 266 mensium
1253 223 1415 280 spatium
1427 239 1583 281 peperit
1600 251 1611 271 ‚
1640 243 1757 284 quem

149 294 283 328 natum
297 282 489 338 Augustus
500 282 602 338 patri
614 279 784 322 Tiberio
795 282 990 326 reddidit.
1015 280 1137 323 refert
1163 281 1322 338 Diojib.
1336 289 1404 333 48.
1436 285 1642 327 Ostauiam
1659 301 1756 339 quo-

150 356 230 398 que
245 342 404 396 Augusti
416 339 586 381 sororem
601 338 690 393 post
706 339 894 380 Marcelli
909 339 978 379 viri
993 339 1044 378 sui
1061 350 1224 380 mortem
1236 339 1364 382 adhuc
1380 343 1590 394 grauidam,
1604 356 1755 385 ventre-

151 413 231 454 que
246 398 369 454 pleno
384 397 565 439 Antonio
577 395 628 436 de
639 393 814 450 sponsam
825 419 837 439 2
857 395 940 436 Dio
954 396 1062 436 dieto
1075 395 1216 446 lib.48.
1234 401 1291 440 Vt
1304 403 1416 440 etiam
1433 398 1606 454 Caligula
1620 401 1751 442 Milio-

149 458 252 499 niam
264 454 477 497 Caesoniam
489 452 681 494 adulterio
693 450 760 492 fibi
772 463 864 493 ante
878 456 1072 507 cognitam
1083 469 1093 496 3
1106 454 1150 493 &
1161 458 1232 494 iam
1249 466 1328 495 tum
1342 458 1474 510 partui
1484 463 1750 512 propinquam

151 512 321 556 duxisse,
341 525 386 553 ac
400 510 591 565 trigesimo
606 509 796 565 diepater
808 509 891 552 fieri
904 522 954 550 ex
968 523 1110 556 vxore.
1133 510 1341 565 gloriosum
1357 513 1487 555 duxit.
1509 517 1590 556 Dio
1615 515 1750 567 lib.5o.

152 573 318 622 Sueten.
332 572 370 609 in
385 568 507 622 Calig.
520 580 638 622 cap.2
646 577 678 618 ς.

209 629 312 669 Cum
325 626 548 680 Virginibus
560 623 777 667 Vestalibus
791 625 864 665 iam
875 622 1023 664 nonnisi
1035 621 1197 665 nefarias
1207 653 1217 668 ‚
1242 626 1285 666 ὅ(
1301 626 1461 667 incestas
1476 632 1631 683 nuptias
1646 645 1746 672 con-

149 683 253 728 trahi
267 681 458 738 potuiffe:
485 679 782 737 Hellogabalum
793 693 920 722 tamen
946 680 1102 721 humani
1118 681 1272 736 generis
1290 694 1518 736 portentum
1539 691 1751 741 Aquiiam..

150 743 332 786 seueram
346 738 534 782 Vestalem
546 736 691 779 duxiffe
701 760 712 781 2
723 748 864 790 inarrat
880 738 1108 792 Xiphilinus
1118 761 1130 781 ‚
1153 738 1262 794 quod
1275 744 1389 780 etiam
1398 742 1623 795 perstrinxit
1637 747 1752 785 Lam·

150 798 307 857 pridius
321 801 358 839 in
370 801 449 838 eius
461 800 538 838 vita
553 810 562 836 ε
581 798 626 835 ln
638 796 814 846 Virginem
827 794 999 836 Vestalem
1008 794 1182 836 incestum
1195 796 1340 851 admg'fit
1353 829 1363 838 .
1396 801 1527 853 Atque
1544 798 1629 839 haec
1648 800 1729 842 sunt
1741 831 1750 846 ,

152 870 241 914 quae
255 855 373 896 habui
383 855 435 895 de
448 853 642 908 legitimis,
654 850 884 908 incestisque
898 851 1158 894 Ethnicorum
1176 854 1378 908 Quiritum
1395 859 1588 911 coniugiis
1599 888 1608 897 .

207 914 295 966 Qui
308 912 422 967 plura
436 908 654 953 desiderat,
668 909 769 964 legat
782 908 981 952 Andream
997 910 1269 967 Tiraquellum
1284 910 1333 953 de
1345 912 1510 968 Legibus
1525 915 1745 958 connubia-

149 970 253 1013 {ibus
266 999 276 1014 ,
291 970 333 1010 &
345 968 437 1009 alios
452 965 669 1010 scribentes
684 996 691 1005 .

83 1008 124 1063 B
208 1028 372 1068 Veteres
388 1024 648 1080 legislatores,
665 1025 807 1079 vtpote
824 1025 1133 1081 praestantiorum
1146 1028 1331 1070 virtutum
1346 1029 1480 1084 ignari,
1493 1027 1751 1085 Respublicas
1809 1056 2004 1089 Mam-mm&

145 1085 229 1128 suas
239 1087 393 1126 Ciuium
409 1096 571 1124 numero
583 1082 732 1123 auctari
748 1105 760 1126 ,
786 1085 966 1140 coniugia
984 1083 1212 1140 quibusdam
1225 1083 1530 1128 immunitatibus
1545 1088 1588 1128 δι
1603 1102 1752 1144 praero-
1780 1095 1992 1141 fontrahfntizam

144 1146 283 1200 gatiuis
301 1142 523 1182 donarunt.
559 1142 734 1182 Sanciuit
748 1139 965 1197 Lycurgus,
988 1156 1036 1183 ne
1050 1142 1251 1184 intheatris
1263 1142 1395 1184 locum
1411 1143 1607 1197 haberent
1623 1145 1751 1188 Miso-
1781 1144 1980 1167 mmmmm.

143 1201 244 1256 gami
256 1230 265 1245 ‚
278 1197 388 1242 idest,
398 1201 465 1253 qui
483 1200 570 1238 vitae
582 1195 760 1238 solitariae
771 1197 895 1239 dediti
909 1201 1194 1241 matrimonium
1207 1202 1474 1242 detrectarent
1490 1216 1499 1242 :
1516 1201 1646 1243 statuit
1659 1205 1747 1250 etia,

142 1266 188 1300 vt
199 1256 267 1298 sub
283 1256 459 1312 hyemem
471 1252 564 1295 nudi
579 1268 652 1310 per
663 1254 808 1296 Vrbem
818 1255 1047 1302 trahantur;
1063 1258 1106 1298 ὃς
1126 1258 1146 1299 a
1163 1260 1296 1313 pueris
1310 1258 1337 1300 si
1347 1257 1467 1300 essent
1479 1257 1660 1305 seniores,
1675 1260 1749 1301 ho-

141 1328 242 1358 nore
255 1313 396 1355 coaeuis
408 1311 562 1357 debito,
581 1312 807 1369 neutiquam
825 1311 1055 1356 afficiantur.
1072 1317 1121 1356 Et
1136 1329 1217 1370 quo
1235 1317 1547 1358 commendatius
1561 1317 1746 1360 redderet

140 1374 364 1427 coniugium
381 1372 419 1410 in
434 1368 714 1411 contrahendis
730 1373 982 1420 matrimoniis
995 1401 1006 1417 ,
1024 1376 1222 1426 potiorem
1238 1373 1363 1414 voluit
1374 1372 1448 1414 esse
1462 1377 1651 1416 rationem
1665 1380 1742 1416 vir.

138 1430 236 1472 tutis
250 1431 288 1469 in
302 1426 600 1481 foeminis,quam
617 1426 846 1469 diuitiarum:
859 1428 992 1469 dotem
1008 1428 1244 1470 ducentibus
1257 1430 1425 1471 dandam
1444 1445 1604 1483 negans.
1625 1432 1738 1474 Idem

139 1500 301 1545 quoque
311 1483 497 1540 placebat
510 1485 667 1527 soloni,
693 1498 769 1539 pro
783 1484 880 1526 dote
897 1484 1065 1526 foeminis
1077 1485 1220 1527 nullam
1238 1491 1399 1529 omnino
1419 1492 1623 1543 pecuniam
1637 1518 1648 1534 ,
1677 1504 1745 1531 ne,

139 1556 284 1599 emptae
295 1542 546 1584 viderentur,
564 1540 669 1587 dari,
695 1539 760 1582 sed
787 1556 929 1598 paucas
949 1544 1150 1585 dumtaxat
1163 1542 1304 1588 vestes,
1330 1546 1373 1586 &
1399 1545 1650 1601 supellectilia
1672 1561 1744 1587 vo-

136 1601 236 1644 lenti
256 1632 266 1639 .
289 1602 424 1655 Atque
437 1596 666 1653 vtlegitimis
679 1608 825 1641 tantum
841 1601 988 1655 nuptijs
1000 1614 1160 1651 operam
1173 1600 1305 1642 liberis
1330 1601 1491 1648 darent,
1515 1602 1742 1659 promulga-

137 1663 197 1702 uit
216 1659 380 1713 Spurios
399 1655 500 1698 filios
516 1655 744 1700 obedientia
759 1687 770 1703 ‚
794 1661 1031 1702 reuerentia,
1057 1672 1188 1700 amore
1199 1657 1300 1700 filiali
1319 1673 1401 1701 non
1422 1659 1570 1702 debere
1581 1660 1655 1702 effe
1671 1661 1745 1701 ob-

137 1716 294 1760 stristos
309 1744 319 1754 .

191 1773 402 1828 Philippus
416 1772 615 1815 Secundus
637 1773 908 1815 Macedonum
923 1775 1013 1816 Rex
1025 1788 1128 1816 arma
1145 1774 1309 1816 moliens
1334 1774 1511 1816 aduersus
1535 1779 1741 1820 Romanos

135 1845 184 1875 ne
198 1829 460 1873 deeffetmiles
474 1854 484 1873 ‚
505 1829 633 1871 edixit
654 1830 773 1877 serio;
793 1841 834 1872 vt
852 1833 920 1888 qui
934 1847 1019 1889 iper
1029 1843 1185 1873 aetatem
1207 1830 1385 1887 possent,
1405 1834 1591 1874 vxoribus
1617 1833 1743 1875 dustis

133 1887 270 1933 liberis
289 1902 449 1944 operam
464 1887 601 1929 darent
615 1922 624 1930 .
654 1888 840 1929 Studiose
853 1889 934 1931 hoc
949 1891 1065 1931 etiam
1077 1888 1334 1930 obseruarunt
1348 1891 1538 1930 Romani:
1563 1889 1605 1930 id
1629 1891 1742 1944 quod

129 1946 283 2006 probat
296 1948 434 1986 eximia
450 1946 594 1987 Oratio
609 1947 630 1987 a
643 1946 881 2000 QMetello
894 1945 1067 1989 Censore
1079 1945 1229 1987 habita:
1246 1952 1284 1986 in
1298 1960 1373 2001 qua
1389 1946 1649 2001 omnibus‚qui
1660 1961 1742 1987 ma-

131 2016 230 2048 turae
243 2002 362 2045 effent
377 2007 497 2044 aetatis
510 2032 521 2048 ,
535 2015 577 2045 vt
591 2003 784 2044 nuberent
800 2002 909 2044 suasit
924 2032 932 2040 .
947 2005 1050 2057 Qae
1063 2014 1180 2043 etiam
1196 2003 1340 2043 Oratio
1352 2002 1486 2057 postea
1498 2003 1548 2044 ab
1562 2003 1743 2059 Augusto

133 2066 233 2117 Imp·
250 2060 455 2102 vberrimis
468 2060 650 2101 laudibus
662 2061 851 2100 decorata
867 2083 879 2103 2
905 2059 1075 2114 publico
1086 2058 1221 2100 edicto
1233 2058 1469 2100 confirmata
1480 2059 1558 2101 est.

194 2120 263 2159 Ne
278 2131 376 2157 vero
386 2116 601 2172 paupertas
616 2117 636 2156 ὲ
647 2117 736 2166 iugo
750 2118 986 2166 matrimonii
1003 2115 1241 2158 absterreret
1255 2146 1265 2161 ‚
1281 2120 1370 2171 agri,
1389 2117 1502 2173 aliaq3
1519 2118 1623 2158 bona
1641 2132 1737 2172 pau-

133 2175 298 2232 peribus
310 2175 455 2214 donata
465 2172 566 2214 sunt.
599 2171 782 2228 Plerique
796 2177 894 2214 enim
908 2202 918 2218 ,
934 2174 1001 2228 qui
1015 2184 1188 2214 extrema
1202 2185 1439 2229 paupertate
1456 2172 1739 2217 conflictantur

134 2234 180 2273 ὅ(
192 2231 241 2273 de
256 2234 319 2272 die
333 2234 370 2271 in
382 2231 486 2272 diem
499 2234 652 2275 viuunt,
669 2230 924 2285 procreandae
941 2230 1066 2271 soboli
1078 2231 1171 2271 nihil
1184 2233 1351 2271 intenti:
1371 2242 1434 2272 aut
1462 2232 1553 2273 dum
1574 2235 1738 2274 maxime

133 2287 348 2345 suscipiunt
364 2317 374 2333 ‚
396 2286 495 2330 adeo
517 2286 679 2329 affectus
695 2298 877 2344 paternus
890 2286 1006 2345 friget
1018 2298 1078 2334 ,vt
1088 2286 1154 2329 nifi
1163 2287 1276 2346 plane
1290 2299 1474 2346 torpeat;
1488 2293 1664 2333 minimus
1679 2303 1738 2332 ta-

132 2361 223 2388 men
235 2346 289 2387 est
303 2350 340 2387 in
353 2345 559 2387 educanda
572 2345 688 2401 prole
702 2376 712 2387 .

190 2406 438 2459 Qamquam
455 2403 533 2446 sine
548 2404 663 2444 maris
678 2404 721 2444 &
733 2402 905 2447 foeminae
917 2407 1198 2449 coniunstione
1214 2405 1421 2449 humanum
1441 2420 1561 2461 genus
1586 2421 1735 2462 propa·
1784 2405 1981 2471 Mus‘fsfffffi

131 2465 213 2518 gari
225 2475 303 2501 non
317 2459 455 2517 poffit:
478 2472 606 2503 tamen
626 2461 669 2502 ὃ(
685 2460 764 2502 hoc
777 2463 990 2505 notandum
1006 2493 1016 2509 ‚
1035 2462 1112 2507 sola
1133 2464 1381 2506 multitudine
1391 2463 1734 2506 contrahentium„
1763 2445 1884 2513 Jssssfsssf}
1895 2456 1991 2516 ΞῘΞΎ

133 2533 215 2559 non
229 2518 477 2573 multiplicari
489 2533 607 2574 genus
622 2517 853 2566 humanum
880 2535 965 2562 nam
975 2521 1220 2577 praeterlesti
1240 2520 1562 2563 consuetudinem
1583 2522 1732 2563 etiam-0
1762 2525 1989 2554 ‘immanem‘-

133 2576 378 2616 educationis
393 2588 486 2616 cura
497 2604 507 2619 ,
523 2575 858 2633 conseruandique
872 2577 976 2619 facul
987 2589 1041 2618 tas
1056 2583 1322 2634 requiruntur.
1356 2578 1457 2619 Haec
1481 2578 1547 2619 nili
1567 2582 1732 2619 coniun-

132 2644 292 2688 gantur,
314 2644 378 2674 aut
391 2643 622 2687 praematura
632 2643 759 2673 morte
770 2634 918 2675 liberos
931 2646 1198 2680 anteuertunt,
1221 2646 1288 2676 aut
1312 2635 1361 2676 ad
1373 2633 1558 2675 obeunda
1584 2640 1733 2679 munia-³

55 2669 108 2724 D
132 2695 290 2744 ineptos
302 2689 495 2734 reddunt,
510 2691 624 2730 inerti
643 2690 823 2744 pondere
837 2697 1002 2746 patriam
1019 2693 1219 2743 replentes
1231 2721 1239 2731 .
1266 2690 1427 2733 Causam
1442 2691 1607 2732 adducit
1626 2696 1731 2735 Stra-

133 2748 189 2789 bo
202 2760 211 2786 :
224 2747 350 2788 Galliae
363 2747 543 2791 mulieres,
561 2749 688 2801 inquit
699 2776 709 2791 ,
719 2756 917 2800 temperato
935 2760 1086 2801 corpore»
1096 2779 1105 2795 ,
1117 2746 1572 2804 naturaq3fitafoecundae5
1584 2762 1649 2790 nec
1662 2755 1735 2792 mi„

134 2817 202 2846 nus
208 2813 254 2855 pt
260 2802 325 2842 olis
331 2803 448 2857 probe
459 2804 651 2846 educandae
668 2803 762 2859 fitnt
773 2804 940 2861 fludiosle
953 2838 962 2847 .

186 2861 313 2900 Porro
327 2873 440 2915 quam
456 2860 663 2903 neceffaria
675 2860 718 2902 fit
730 2862 888 2918 diligens
912 2863 1128 2906 liberorum
1157 2878 1272 2910 cura,
1304 2876 1423 2922 atque
1445 2865 1653 2911 educatio;
1687 2866 1729 2907 id

128 2915 316 2971 exemplis
329 2926 404 2958 tam
418 2931 542 2959 rerum
557 2917 754 2960 vifibilium
765 2921 786 2960 ὲ
799 2923 914 2961 terris
929 2920 1294 2978 nascentium‚quam
1306 2922 1507 2964 brutorum
1523 2927 1634 2963 etiam
1648 2926 1729 2963 ani-

129 2975 284 3017 malium
301 2973 460 3028 probari
471 2975 622 3029 potest.
649 2977 814 3018 Cultura
827 2977 1170 3034 namquehumana
1196 2983 1233 3020 in
1260 2980 1730 3036 propagandislacstucis?

129 3032 287 3088 alijsque
297 3030 425 3072 satiuis
437 3030 569 3071 herbis
582 3033 656 3073 vim
673 3045 817 3075 naturae
834 3029 1010 3089 superat;
1035 3039 1178 3079 vrticas
1202 3037 1352 3093 aliaque
1365 3043 1444 3079 eius
1455 3042 1605 3092 generis
1623 3039 1727 3077 ziza-

129 3089 339 3144 niaspon‘te
354 3089 616 3143 producentis
629 3121 638 3130 .
672 3092 796 3145 Lupae
821 3092 864 3132 &
878 3091 985 3134 Vrsae
999 3093 1129 3147 plures
1142 3098 1301 3150 pariunt
1313 3095 1466 3136 catulos
1482 3108 1595 3149 quam
1609 3107 1701 3134 oues
1713 3119 1726 3138 ,-

127 3160 175 3187 ac
190 3143 302 3188 etiam
319 3146 447 3201 plures
462 3149 547 3202 agni
562 3160 676 3202 quam
688 3146 768 3202 lupi
781 3148 822 3189 ὃς
837 3148 906 3189 vrfi
921 3151 1150 3198 mastantur5
1162 3152 1205 3193 &
1218 3151 1463 3192 nihilominus
1478 3151 1593 3206 longe
1605 3152 1728 3192 maior

128 3202 183 3244 est
196 3217 380 3259 agnorum
393 3207 512 3260 copia
525 3217 640 3261 quam
658 3203 830 3248 vrsorum
845 3216 910 3249 aut
922 3207 1104 3264 luporum
1118 3242 1127 3252 .
1158 3210 1244 3251 Nec
1269 3209 1340 3250 alia
1364 3209 1402 3249 in
1425 3209 1504 3250 hoc
1518 3209 1729 3251 adducitur

1228 3266 1314 3322 Qq
1544 3264 1655 3307 causa
1667 3293 1678 3310 ³
