2206 3480
497 72 1401 129 DETRAGOEDIAss
1642 101 1738 146 241

52 177 117 233 *A
144 167 625 228 plenoshumideponentes‚
642 166 687 213 ὁ
706 179 784 208 vno
791 168 886 222 pede
894 167 1086 223 infilientes
1093 169 1208 225 staper
1218 168 1480 225 ffirfiruntur,
1507 171 1555 216 &¹
1572 171 1672 227 [ἶφι
1693 176 1747 216 la.

146 229 275 271 bentes
285 230 472 267 interram
487 225 622 266 cadunt
633 256 644 267 .
670 227 758 266 Hoc
771 227 1056 279 autemfaciunt
1067 240 1106 267 m
1124 227 1298 269 honorem
1305 228 1491 286 Dionysij:
1513 240 1601 270 vter
1622 242 1745 278 autem

154 282 201 339 ss
208 284 457 339 pellisHirci3
473 286 574 339 quia
585 283 710 323 hircus
721 286 812 323 vitis
822 286 989 335 germina
1003 283 1212 329 comederim
1232 298 1312 325 eam
1333 287 1448 329 laedit.
1481 289 1643 329 Veteres
1658 291 1745 330 vitis

151 352 396 398 repertorem
409 340 669 384 honorantes,
690 354 835 380 morem
849 343 1015 381 canendi
1027 363 1040 384 ‚
1071 342 1113 380 δε
1138 353 1211 395 per
1225 344 1335 384 vicos
1347 344 1448 385 dista
1460 345 1618 386 dicendi
1632 346 1741 387 ffindu„

155 410 322 445 xerunt;
340 400 444 439 vnde
455 398 667 441 Comoedia
680 396 806 437 dicta:
825 399 994 451 Capram
1010 398 1150 437 vianti
1159 404 1355 451 praemium
1369 400 1533 456 posuere
1545 432 1564 453 ‚¹
1574 405 1682 458 qnod
1697 418 1741 446 ea

155 456 298 500 vitibus
312 467 489 497 noceret.
506 455 623 497 Vnde
638 453 833 508 Tragoedi
844 453 1031 512 appellati
1042 456 1193 495 Cernui
1206 456 1247 496 ὃ(
1260 457 1529 500 Petauristaein
1549 460 1638 500 Vet.
1647 459 1738 515 glos.

151 517 296 557 Varro.
306 516 429 554 Etiam
439 511 559 568 pelles
570 509 731 552 bubulas
741 511 833 552 oleo
842 509 1013 566 pertusas
1025 511 1323 565 percurrebant,
1338 515 1474 570 ibique
1487 518 1743 559 cernu'abant.

151 573 308 627 Virga.
323 570 475 626 Georg.
824 586 828 593 ⁴
1390 598 1393 602 -

510 641 634 662 ⁴—ae—
660 631 784 681 ¹Atque
794 627 891 665 inter
895 623 1027 677 pocula
1047 624 1122 668 lati

384 684 572 725 Mollibus
582 687 622 724 in
627 687 749 736 pratis
758 682 1027 737 vnHossaliere
1034 694 1104 735 per
1111 691 1217 723 vtres
1224 715 1234 724 .

156 761 158 763 ·
206 740 336 784 Festus
353 739 496 795 oscilla
509 740 583 783 effe
595 743 649 782 ait
660 740 751 782 festa
764 740 800 780 in
817 738 1008 782 honorem
1023 740 1194 786 Bacchi,
1207 744 1246 781 in
1259 740 1403 797 quibus
1421 742 1595 785 homines
1618 744 1653 786 se
1666 761 1738 802 per
1760 748 1914 784 Dwscib'it·

144 798 255 842 funes
265 802 461 840 iacerent*⁴
480 797 629 840 Oscilla
645 797 839 839 interdum
852 798 1037 839 dicuntur
1050 797 1210 853 pensiles
1221 798 1455 853 gestationes
1472 802 1522 843 cle
1534 802 1739 845 arboribus

146 871 222 913 per
230 857 294 905 sex
302 855 482 906 feriarum
496 856 716 897 Latinarum
731 855 810 895 dies
822 878 834 899 ‚
855 854 905 896 de
915 855 1055 911 quibus
1075 857 1224 912 Virg.2.
1238 857 1383 912 Georg.

373 916 530 955 Necnon
543 911 691 968 Aufimy'
704 915 820 953 Troia
825 923 910 965 gens
923 916 972 953 mi
996 928 1019 954 a
1028 912 1143 953 coloni

382 969 541 1026 Versibus
550 973 740 1023 incomptis
749 969 881 1015 ludunt
894 998 904 1014 ‚
935 974 971 1010 ri
988 984 1084 1025 uque
1091 970 1215 1025 soluto
1228 997 1241 1016 ‚

81 1013 122 1065 Β
153 1064 156 1066 ,
314 1046 317 1047 ’
360 1045 363 1049 Δ
376 1029 531 1083 Oraque
538 1027 728 1068 corticibus
733 1023 889 1083 simunt
898 1026 1084 1068 horrenda
1094 1030 1252 1071 canatis,

372 1086 438 1125 Ex
450 1094 486 1124 se
491 1083 629 1125 Bacche
640 1095 778 1126 vocant
786 1095 855 1136 per
862 1088 1025 1125 carmine
1033 1085 1114 1125 laeta
1130 1114 1140 1131 ‚
1164 1083 1305 1141 tibique

373 1140 509 1196 ostilia
516 1155 573 1182 *ex
587 1141 668 1182 alta
671 1140 907 1198 suspendunt
916 1142 1040 1182 mollia
1049 1155 1186 1196 quercu
1197 1170 1207 1179 .

147 1199 229 1243 Vbi
243 1200 491 1242 Seruiuscnm
511 1198 673 1254 Hygino
683 1214 697 1240 .·
709 1196 932 1254 Respondit
941 1200 1154 1242 oraculum,
1167 1198 1291 1241 sedari
1304 1201 1412 1256 posse
1426 1202 1676 1258 pestilentiam
1690 1229 1702 1249 2
1714 1207 1740 1248 fi

145 1259 321 1313 Erigonis
339 1256 382 1297 &
407 1258 506 1297 Icari
526 1257 720 1297 cadauera
743 1259 1015 1311 requirentur:
1033 1271 1120 1312 quae
1139 1270 1226 1298 cum
1248 1257 1312 1299 diu
1327 1261 1481 1314 quaefita
1498 1274 1575 1302 non
1591 1265 1740 1304 inueni-

148 1325 284 1356 rentur
296 1335 309 1358 2
327 1310 582 1354 Athenienses
597 1324 638 1354 vt
650 1317 763 1354 etiam
778 1317 814 1354 in
829 1312 924 1354 alien
933 1328 1016 1355 oea
1032 1315 1263 1356 viderentur
1274 1329 1447 1370 quaerere
1460 1318 1652 1361 elemento
1664 1350 1673 1365 ‚
1685 1318 1741 1361 su-

145 1369 386 1428 spenderunt
399 1369 447 1410 de
461 1370 665 1411 arboribus
676 1369 870 1412 funem.ad
883 1385 996 1426 quem
1009 1369 1045 1411 se
1059 1382 1232 1412 tenentes
1241 1372 1416 1415 homines
1435 1374 1507 1417 hac
1519 1387 1635 1432 atque
1646 1377 1737 1419 illac

147 1429 414 1484 agitabantur,
433 1436 474 1468 vt
492 1429 612 1467 ‘etiam
639 1427 746 1483 quasi
768 1429 805 1467 in
830 1441 917 1469 aere
938 1427 1087 1470 illorum
1099 1428 1291 1471 cadauera
1302 1445 1477 1486 quaerere
1491 1434 1738 1479 viderentur-s

145 1483 212 1527 sed
229 1498 314 1527 cum
327 1483 420 1526 inde
431 1483 611 1539 plerique
625 1485 815 1527 caderent
829 1513 840 1530 ,
856 1488 1056 1539 inuentum
1068 1485 1140 1529 est,
1164 1497 1206 1527 vt
1229 1485 1370 1529 formas
1382 1513 1393 1533 ,
1420 1490 1478 1531 vel
1493 1489 1674 1545 personas
1686 1493 1737 1533 ad

149 1539 294 1584 missuri
310 1539 591 1583 similitudinem
602 1540 780 1584 facerent
792 1566 805 1586 2
819 1543 1021 1597 &caspro
1032 1542 1068 1584 se
1077 1541 1348 1597 suspenderent
1359 1546 1401 1586 &
1415 1559 1640 1589 mouerent:
1668 1562 1736 1590 vn·-

143 1599 252 1640 de&
266 1597 414 1640 Oscilla
428 1596 646 1643 dictasunt,
666 1600 716 1641 ab
738 1614 787 1641 eo
811 1600 922 1655 quod
944 1600 993 1641 ab
1013 1600 1082 1642 illis
1102 1599 1347 1647 cinerentur,
1370 1602 1468 1644 idest
1486 1617 1740 1648 mouerentur

149 1671 242 1699 ora..
255 1687 264 1697 .
1072 1685 1074 1687 -

180 1741 183 1745 -
199 1713 449 1755 Grallatores
462 1713 655 1759 dicuntur,
668 1714 880 1770 quissligneis
895 1714 1062 1767 pedibus
1074 1715 1358 1770 ingrediuntur,
1375 1728 1416 1757 vt
1426 1721 1655 1773 grandiores
1668 1735 1740 1776 ap-
1780 1740 1822 1764 ιγ.-
1831 1737 1982 1773 granam,

139 1783 306 1828 pareant
322 1801 331 1812 .
345 1770 481 1812 Pollux
497 1771 677 1824 :Gypones
689 1801 699 1816 ,
708 1770 775 1827 seu
789 1772 1012 1812 Grallatores
1022 1795 1033 1816 ‚
1048 1776 1114 1826 qui
1123 1773 1246 1825 ligneis
1256 1774 1414 1826 pedibus
1429 1778 1738 1829 ingrediebantur,
1757 1775 1805 1804 ⁶³¹¹
1817 1793 1827 1800 ·

128 1828 322 1885 filtabant
339 1828 521 1882 pellucida
531 1826 623 1877 veste
634 1829 840 1870 Tarentina
852 1830 994 1870 amini.
1026 1831 1180 1870 Nonius
1194 1832 1346 1872 Grallas
1370 1835 1653 1887 interpretatur
1681 1833 1741 1875 su-

142 1886 233 1931 stes‚
259 1887 400 1941 quibus
420 1889 656 1927 innituntur.
685 1887 922 1927 Grallatores
938 1887 1096 1929 adiestis
1115 1890 1277 1942 perticis
1299 1887 1465 1929 furculas
1481 1890 1744 1937 habentibus‚·

140 1948 305 2000 atquein
318 1944 373 1985 his
386 1941 641 1999 superstantes
654 1943 701 1984 ad
715 1943 994 1984 similitudinem
1008 1957 1159 1985 crurum
1172 1944 1455 1999 gradiebantur
1465 1977 1474 1986 .
1491 1947 1645 1989 Plautus
1658 1976 1667 1986 .

369 1999 560 2041 Vinceretis
574 1999 676 2056 cursis
687 2001 815 2040 cerua?
824 2023 837 2044 ,
864 2001 910 2043 (σε
918 2000 1153 2052 grallatorem
1169 2000 1290 2052 gradu
1306 2032 1314 2041 .

141 2058 280 2100 Refert
294 2057 495 2103 Festus,vt
509 2057 664 2097 Heroas
677 2062 962 2111 exprimerent,
988 2068 1057 2097 aut
1080 2056 1212 2111 ligneis
1233 2056 1424 2111 pedibus,
1448 2071 1512 2100 aut
1535 2061 1737 2104 cothurnis

140 2117 223 2157 altis
235 2114 477 2156 Grallatores
488 2113 747 2154 incedebant.
761 2112 889 2157 lustin.
906 2112 1072 2168 Martyr.
1083 2127 1143 2168 ep.
1160 2115 1208 2154 ad
1222 2114 1364 2155 zenam
1379 2119 1453 2156 ait:
1476 2119 1518 2157 Vt
1527 2122 1593 2173 qui
1606 2120 1740 2160 clamo·

136 2187 177 2213 re
185 2175 319 2224 ingenti
329 2168 456 2220 Orstis
462 2169 654 2223 perfimam
663 2182 779 2222 agens,
785 2170 960 2210 terribilis
973 2170 1018 2213 ό
1030 2173 1218 2210 maximus
1229 2171 1277 2211 ab
1286 2171 1534 2225 insipientibus
1547 2176 1608 2227 este
1618 2187 1735 2228 puta-

139 2240 201 2270 tur
213 2252 224 2272 ‚
220 2228 282 2335 stob
285 2227 395 2280 pedes
404 2227 556 2279 ligneos,
576 2227 622 2270 (ἔγ
635 2235 802 2267 ventrem
809 2224 1004 2279 fhHitiunt
1020 2256 1031 2272 ,
1056 2227 1103 2271 ό
1115 2225 1243 2277 vestem
1256 2233 1487 2282 peregrinam
1498 2260 1510 2277 ,
1538 2233 1733 2283 &ficiem

149 2299 231 2328 mon
260 2283 403 2336 ruofizm
419 2315 427 2324 .

195 2340 498 2383 Acetabularios
514 2340 592 2381 dici
608 2343 673 2396 qui
687 2341 888 2382 celeritate
905 2341 947 2381 &
961 2341 1193 2383 dexteritate
1204 2356 1378 2385 manuum
1402 2345 1423 2384 ὲ
1446 2345 1620 2395 pluribus
1642 2361 1733 2389 ace·
1754 2345 1979 2426 [ufffjjf‘fg‘lss'g‘

1767 2400 1778 2415 ζ
1970 2405 1980 2409 -

1755 2441 1795 2458 735
1807 2451 1816 2460 ο

138 2399 297 2442 tabulis,
315 2413 400 2454 quae
413 2402 450 2439 in
465 2398 588 2440 mensa
601 2409 807 2454 exponunt
819 2427 829 2443 ,
853 2395 1030 2439 efficiunt
1042 2428 1051 2443 ‚
1067 2411 1109 2440 vt
1125 2413 1223 2455 quos
1235 2401 1411 2441 calculos
1427 2401 1494 2443 sub
1509 2418 1585 2444 vno
1598 2416 1730 2445 aceta-

137 2457 235 2498 bulo
250 2455 435 2497 conditos
449 2455 572 2497 duces
583 2484 592 2500 ,
606 2453 674 2496 sub
688 2456 810 2497 altero
822 2458 994 2511 reperias
1005 2485 1013 2494 .
1038 2459 1175 2497 Senec.
1189 2470 1320 2512 ep.45.
1338 2457 1631 2512 Priestigiatorum
1654 2476 1736 2501 ace.

141 2513 268 2555 tabula
280 2537 292 2558 2
309 2512 492 2557 &calculi
505 2542 516 2559 ,
529 2515 569 2552 in
578 2512 710 2567 quibus
721 2511 871 2553 [fallacia
880 2512 958 2568 ipſs
971 2513 1141 2554 deleliat.
1157 2517 1190 2554 A
1198 2515 1342 2555 cetabu
1350 2517 1413 2556 lari
1416 2520 1429 2567 j
1445 2517 1734 2559 cauillatoribus

149 2574 367 2626 comparati
385 2570 489 2624 apud
505 2570 699 2611 Stobaeum
716 2568 891 2615 serm.70.
903 2570 956 2610 ibi
969 2573 1103 2610 :Sicuti
1113 2570 1608 2626 acetabularffspeliantium
1619 2577 1735 2615 oculos

141 2622 743 2683 agilitatemanuumfiiffiarantum
762 2639 806 2665 ac
818 2625 1004 2670 illudunt;
1021 2630 1075 2665 ita
1095 2627 1142 2669 ὼ
1168 2626 1435 2678 Rhetoresficis
1445 2631 1735 2672 cauillationibus

67 2678 118 2731 D
140 2684 300 2725 iudicum
312 2687 444 2724 animis
455 2686 622 2724 tenebras
635 2681 855 2742 effundentes
868 2706 879 2725 ‚
891 2681 1128 2741 fhffurantur
1152 2683 1218 2735 legi
1228 2684 1378 2724 calculos
1391 2686 1479 2737 ficos
1489 2719 1497 2727 .
1526 2687 1734 2730 Athenaeus

142 2741 276 2782 libra.
291 2745 405 2796 ponit
415 2740 713 2782 Acetabularios
724 2769 734 2785 ,
755 2738 1044 2780 machinatores
1054 2768 1065 2784 ‚
1088 2742 1153 2794 qui
1176 2741 1382 2797 praestigias
1395 2772 1404 2787 ,
1432 2745 1473 2784 ὅ(
1494 2744 1656 2789 offucias
1679 2745 1735 2787 fa-

142 2802 273 2839 ciunt.
298 2798 421 2852 Greg.
434 2799 589 2838 Nazian.
607 2800 644 2838 in
661 2795 854 2840 Athanas.
874 2798 1001 2852 inquit
1017 2811 1028 2837 :
1055 2796 1227 2837 sedidem
1240 2809 1321 2851 erat
1335 2801 1478 2840 calculis
1496 2801 1619 2843 ludere
1641 2804 1736 2844 deci-

134 2853 321 2909 pientibus
333 2855 449 2894 ocutos
457 2855 637 2894 celeritate
649 2853 932 2909 transposttionis
944 2884 953 2899 ,
980 2862 1046 2895 aut
1062 2857 1160 2894 omni
1175 2866 1306 2906 genere
1315 2855 1611 2915 effeminatas-um
1620 2863 1737 2900 ratio·

141 2925 227 2953 num
239 2910 418 2966 insislfare
430 2911 677 2957 auditoribus,
689 2911 736 2955 (2-
744 2911 788 2951 de
800 2912 882 2951 Deo
890 2911 1039 2967 aliquid
1047 2923 1180 2951 nouum
1191 2912 1319 2958 dicere,
1331 2916 1378 2958 ό
1386 2918 1518 2955 audire
1526 2948 1534 2956 .
1549 2917 1736 2970 Apuleius

141 2969 191 3010 de
215 2968 331 3010 Asino
345 2966 414 3009 lib.
428 2984 459 3010 1.
476 2967 802 3009 circumlatorem
823 2966 949 3023 aspexi
968 2966 1182 3024 equestrem
1199 2968 1368 3024 spatham
1395 2985 1630 3025 praeacutam
1654 2988 1734 3014 mu-

143 3023 416 3068 croneinfesto
431 3024 650 3066 deuoraffe.
682 3026 908 3067 Vistorinus
920 3021 1017 3066 Afer
1035 3039 1045 3065 :
1068 3027 1369 3073 circumlatores,
1396 3032 1462 3082 qui
1470 3033 1608 3069 animos
1616 3030 1736 3069 homi-

141 3082 422 3138 numse'nfitfiyue
433 3081 593 3137 quadam
591 3080 714 3135 specie
723 3084 896 3122 veritatis
904 3082 1066 3123 illudunt
1073 3113 1082 3122 .
1096 3082 1162 3134 De
1173 3084 1314 3139 quibus
1323 3084 1453 3127 Celsus
1466 3085 1534 3125 lib.
1540 3097 1572 3136 ς.
1585 3087 1636 3127 de
1649 3087 1734 3127 Me·
1749 3116 1754 3120 ·

142 3141 220 3180 dic.
234 3153 316 3194 cap.
326 3145 394 3182 26.
410 3141 558 3181 Horat.
569 3141 735 3195 Satyra.

197 3197 345 3240 Similes
360 3195 558 3252 praedistis
570 3196 795 3239 Funambuli
806 3194 843 3238 fu
850 3207 982 3244 erunt,
1008 3197 1075 3253 qui
1090 3199 1372 3242 exercitatione
1385 3199 1497 3243 docti
1515 3199 1558 3240 &
1568 3200 1743 3256 agilitate:
1758 3216 1981 3255 Defmmsum.

1532 3269 1552 3298 c
1560 3272 1603 3298 or
1607 3272 1683 3315 po-
