2206 3480
403 129 463 171 41
481 123 505 160 8
554 107 929 172 QVOMODO
955 105 1262 155 ROMANA
1291 104 1457 155 VRBS
1480 102 1934 158 EX‘CREVERIT,
1974 102 1982 114 '

393 208 485 247 riam
498 229 509 250 ‚
526 204 779 257 Sabinamque
790 199 1063 254 legationibus,
1076 208 1118 239 vt
1133 198 1314 240 finitimos
1326 197 1495 252 populos
1508 196 1576 238 fibi
1592 201 1914 240 matrimoniorum
1925 202 1979 240 iu·
2017 205 2052 252 Α

396 277 442 303 re
455 263 674 302 deuinciret
685 281 696 300 ‚
727 257 770 296 &
791 256 874 296 vrbi
893 254 964 300 suae
975 255 1207 297 aduenarum
1220 259 1505 308 propagatione
1519 253 1760 296 consuleret:
1783 268 1867 296 cum
1880 270 1974 298 vero
2030 266 2032 268 ’

401 315 619 360 illiinimice
635 322 818 366 negarent
831 334 842 355 ‚
869 311 979 365 quod
1000 312 1097 367 aegre
1114 310 1260 352 ferrent
1279 324 1417 352 nouam
1440 312 1587 353 Vrbem
1597 314 1634 351 in
1649 322 1767 365 caput
1784 310 1980 366 ipsorum-³

404 372 576 415 crescere
589 370 664 416 ;s1c
679 380 795 409 artem
807 378 886 409 arte
898 366 986 409 lusit
999 368 1187 409 Romulus
1199 400 1206 407 .
1218 368 1346 407 Ludos
1358 367 1393 409 se
1410 367 1550 408 vouiffe
1561 370 1757 423 Neptuno
1767 381 1853 408 cum
1873 368 1980 409 simu·

395 428 516 471 lasset,
532 431 578 467 ad
592 438 657 466 eos
669 424 824 479 publice
835 423 1094 465 celebrandos
1105 427 1246 465 vicinas
1258 426 1438 465 inuitauit
1452 423 1799 480 vrbes,spe6taculo
1813 424 1973 479 publice

395 485 522 526 indito
539 515 546 523 .
570 485 688 537 Igitur
702 495 786 522 cum
798 481 949 534 plurimi
965 483 1011 521 eo
1023 494 1110 522 cum
1121 481 1305 522 vxoribus
1315 503 1326 524 ‚
1343 494 1388 522 ac
1404 481 1599 523 nubilibus
1609 481 1748 536 puellis
1764 480 1981 522 concurris-

394 541 489 584 sent;
506 540 569 579 vbi
584 552 736 593 tempus
745 537 859 579 visum
871 538 1034 582 est‚dato
1045 538 1151 592 figno
1167 536 1461 580 iuffitRomulus
1475 539 1523 578 ab
1533 537 1734 593 ijs,quibus
1746 538 1978 579 demandata

393 598 434 638 id
446 596 590 640 fuerat,
612 598 772 649 virgines
787 596 870 650 rapi
885 617 897 638 2
917 609 1009 649 quas
1031 594 1119 650 post
1133 595 1340 635 coniuncta
1355 593 1423 635 fibi
1439 593 1624 638 Hersilia,
1649 597 1750 636 inter
1764 595 1979 652 populares

395 653 610 697 distribuit,
624 651 825 694 celebratis
836 649 989 692 solemni
1004 667 1111 692 more
1125 652 1295 706 nuptijs:
1313 665 1396 692 nam
1412 663 1499 692 ante
1512 654 1728 706 nuptiarum
1745 653 1845 692 diem
1858 653 1980 692 hone-

395 707 546 752 stiffime
557 723 618 750 eas
630 707 825 749 habendas
839 712 1006 754 curauit;
1032 708 1121 748 dum
1130 710 1203 748 vim
1216 706 1392 754 excusat,
1408 722 1452 749 ac
1466 708 1584 763 prolis
1603 709 1823 763 cupidinem
1837 710 1874 749 in
1889 723 1981 750 cau-

395 766 469 808 sam
481 777 598 807 vocat
608 789 619 810 ‚
651 765 760 807 solari
774 779 835 805 eas
849 769 952 806 omni
964 775 1040 805 arte
1053 775 1216 805 conatus
1227 763 1280 804 est
1294 795 1303 804 .
1323 766 1457 819 Atque
1483 765 1566 806 haec
1578 764 1662 806 sunt
1671 766 1836 805 Romani
1852 768 1982 821 Impe-

397 826 447 874 rij
462 825 655 878 principia
671 837 681 866 ;
704 834 867 875 quaeque
877 822 1094 875 prudenter
1106 823 1126 862 a
1138 820 1307 862 Romulo
1318 825 1541 878 excogitata
1551 822 1633 862 haec
1649 820 1737 867 fine,
1757 822 1880 862 exitus
1899 820 1981 877 ipse

397 895 444 921 ac
460 884 554 920 tanti
567 880 724 931 Imperij
738 879 959 931 magnitudo
974 877 1164 920 declarat.
1376 914 1379 916 .
1756 906 1760 907 γ

147 951 326 990 Munoeipius.
453 937 631 979 Alterum
645 934 932 981 adminiculum,
945 948 1025 990 quo
1041 937 1168 976 Roma
1181 936 1375 980 accreuit‚
1388 938 1426 975 in
1443 950 1491 977 eo
1505 935 1557 978 est
1569 965 1578 981 ‚
1593 936 1701 990 quod
1712 937 1899 976 Ciuitates
1914 934 1983 976 bea

398 994 446 1035 ne
460 997 609 1034 meritas
619 1022 628 1036 ,
646 991 778 1046 postea
791 993 1001 1046 municipia
1016 1002 1191 1035 vocatas,
1205 994 1287 1032 iure
1300 994 1481 1032 Ciuitatis
1493 988 1779 1047 priuilegijsque
1791 993 1985 1032 donarunt

392 1050 639 1093 illiRomani;
663 1050 705 1088 &
716 1048 763 1088 ad
777 1047 1006 1103 capessenda
1019 1051 1141 1088 munia
1153 1045 1398 1089 admiserunt.
1426 1049 1602 1102 Dignitas
1613 1052 1710 1088 enim
1726 1048 1956 1104 magistratus
1970 1077 1982 1094 ,
2006 1023 2041 1073 B

394 1112 451 1148 ius
465 1107 632 1147 ciuitatis
645 1135 656 1150 ‚
688 1107 731 1146 ὃς
749 1104 1035 1159 priuilegiorum
1051 1105 1153 1145 vrbis
1165 1128 1176 1148 2
1196 1118 1326 1146 omnes
1342 1119 1409 1145 eos
1424 1105 1590 1146 Romam
1606 1105 1814 1160 compulit,
1840 1104 1982 1158 quibus

395 1162 586 1218 suffragia,
604 1160 756 1203 fauores
769 1190 778 1205 ,
791 1175 836 1202 ac
851 1161 985 1203 officia
996 1162 1034 1201 in
1052 1161 1350 1216 Rempublicam
1362 1161 1505 1203 collata
1520 1162 1789 1217 ad'dignitates
1803 1161 1985 1202 &hono-

396 1233 456 1261 res
471 1221 707 1260 obtinendos
718 1216 819 1273 spem
835 1219 996 1274 aliquam
1010 1219 1253 1268 inicijebant.
1267 1218 1370 1260 Hinc
1383 1218 1442 1260 illa
1457 1220 1643 1260 Romanae
1655 1217 1759 1259 vrbis
1770 1221 1987 1259 incremen-

399 1288 437 1316 ta
451 1306 460 1320 ,
483 1276 575 1316 hinc
587 1276 650 1317 illa
663 1279 838 1330 potentia
851 1276 894 1316 ὅ(
908 1276 1061 1330 populo
1076 1276 1118 1316 ὅ(
1132 1275 1298 1330 opibus:
1324 1289 1416 1332 quas
1438 1279 1615 1317 mirumin
1628 1275 1784 1317 modum
1798 1287 1989 1316 auxerunt

400 1332 689 1382 Nobiles&aljj
705 1333 909 1387 opulenti,
930 1345 1029 1387 quos
1047 1346 1185 1386 magno
1210 1333 1357 1387 agmine
1373 1333 1551 1387 quotidie
1570 1333 1619 1373 ad
1640 1329 1915 1373 confluendum
1938 1331 1988 1373 eo

398 1394 481 1430 iure
495 1389 676 1430 Ciuitatis
691 1388 880 1433 donatos,
899 1392 1165 1433 Romanorum
1182 1403 1369 1444 proceres
1381 1389 1584 1430 illexerunt
1597 1419 1606 1427 .

147 1481 302 1513 mmmm,
332 1482 374 1509 in.
456 1448 538 1487 Fuit
551 1460 707 1502 quoque
720 1444 852 1501 priscis
869 1447 1055 1487 Romanis
1069 1444 1204 1487 summa
1216 1461 1307 1487 cura
1320 1469 1331 1488 2
1344 1456 1385 1487 vt
1395 1446 1587 1486 hominum
1603 1444 1874 1500 cupiditatibus
1889 1442 1988 1485 satis·

149 1525 256 1551 rmum.
291 1493 317 1510 ”²
400 1504 595 1544 facerent.
627 1504 789 1543 Huncin
803 1502 917 1545 finem
931 1502 1094 1544 subinde
1110 1516 1171 1544 res
1194 1517 1333 1547 nouas,
1356 1516 1517 1559 quaeque
1538 1501 1779 1543 admirationi
1796 1502 1916 1544 essent
1934 1506 1983 1542 vi-

399 1560 562 1601 sentibus
579 1583 590 1603 ,
610 1560 852 1601 instituerunt
864 1573 875 1599 .·
888 1560 980 1600 hinc
992 1560 1041 1600 illi
1057 1561 1208 1600 Ducum
1220 1562 1408 1602 victorum
1421 1560 1603 1615 triumphi
1617 1557 1988 1614 magnificentisfimi:

400 1618 494 1658 hinc
511 1615 808 1671 splendidissima
821 1616 885 1656 illa
899 1616 1074 1657 aedificia:
1085 1630 1222 1671 pugnae
1235 1617 1401 1661 nauales,
1417 1616 1611 1671 palaestrae;
1626 1618 1850 1656 venationes
1864 1613 1986 1655 ferarfi

400 1673 562 1728 publica
577 1677 752 1713 conuiuia
767 1702 776 1718 ,
805 1673 888 1714 ludi
916 1674 1188 1728 Apollinares,
1209 1673 1426 1718 saeculares,
1449 1672 1986 1727 alijqueincredibilipompa,

401 1732 444 1770 ὃς
460 1726 693 1769 solemnitate
707 1729 912 1770 celebrati·
943 1729 1226 1781 Qroeffec'tum
1237 1758 1247 1774 ,
1269 1742 1312 1771 vt
1328 1734 1415 1771 dum
1431 1730 1516 1772 haec
1527 1733 1660 1770 Romae
1672 1731 1719 1770 ad
1735 1731 1986 1784 spetiannum

398 1787 544 1827 animos
557 1785 815 1826 oblecstandos
828 1785 1082 1826 accomodata
1094 1785 1173 1826 hoc
1185 1787 1308 1826 modo
1326 1789 1664 1829 continuarentur,
1677 1787 1725 1826 ad
1740 1786 1886 1828 Vrbem
1901 1787 1986 1824 Ro-

398 1856 493 1883 mam
507 1845 696 1882 continuo
711 1842 1171 1896 peregrinivndequaque
1186 1839 1444 1882 confluerent.
1475 1844 1609 1896 Atque
1631 1841 1685 1881 his
1699 1843 1891 1896 praecipue
1906 1854 1985 1881 me-
2000 1850 2046 1902 C

396 1900 471 1949 dijs
490 1899 865 1952 Romanipotentia‚
887 1910 931 1938 ac
950 1897 1096 1938 robore
1110 1896 1273 1938 feliciter
1288 1909 1561 1939 exercuerunt:
1587 1897 1702 1939 restat
1727 1911 1767 1938 vt
1791 1898 1982 1938 videamus

394 1956 485 2011 quid
501 1954 570 1995 hac
583 1956 618 1994 in
638 1969 676 1994 re
695 1968 777 1994 cum
790 1954 1097 2004 alijsnationibus
1111 1954 1283 1996 vfitatum
1298 1953 1620 1997 fueritizomanis.
1654 1957 1811 1996 Initium
1829 1965 1981 1995 autem..

393 2016 446 2054 de
460 2013 681 2066 Religion,
699 2025 780 2065 quae
794 2012 961 2051 omnium
975 2025 1098 2052 rerum
1114 2023 1232 2065 eaput
1243 2010 1295 2052 est
1309 2040 1318 2055 ,
1332 2010 1526 2051 faciamus.

148 2085 338 2125 naengum,
456 2068 674 2123 Religionis
684 2069 737 2108 est
751 2078 857 2109 tanta
872 2071 923 2108 vis
938 2091 949 2112 ,
962 2078 1146 2123 tantaque
1160 2065 1378 2112 neceffitas;
1400 2078 1441 2108 vt
1453 2067 1694 2122 prouidubio
1711 2082 1788 2109 non
1802 2077 1983 2110 tantum..

392 2126 579 2167 multosin
594 2124 644 2165 sui
659 2138 823 2165 amorem
839 2123 1062 2179 pertrahat,
1087 2125 1151 2165 sed
1164 2129 1275 2166 etiam
1291 2123 1495 2166 multorum
1516 2126 1838 2166 commerciorum
1861 2136 1984 2180 caput

393 2182 549 2223 existat.
579 2181 728 2225 Vrbes,
756 2182 819 2221 vbi
836 2183 1027 2236 religionis
1039 2181 1161 2222 cultus
1173 2182 1225 2223 est
1242 2183 1502 2236 praestantior,
1527 2180 1739 2223 faciliorem
1764 2194 1923 2237 quoque
1938 2183 1987 2222 &z

393 2238 630 2279 illustriorem
647 2237 794 2278 habent
805 2238 946 2278 aditum
962 2238 1010 2278 ad
1023 2240 1213 2292 potentiae
1231 2241 1273 2279 &
1287 2240 1418 2293 gloriae
1427 2235 1698 2279 acceffionem.
1729 2237 1980 2283 Hierusalem,

391 2307 434 2336 vt
451 2295 566 2336 tradit
577 2295 713 2335 Plinius
729 2294 809 2339 fuit,
824 2295 1001 2335 Orientis
1013 2295 1116 2336 Vrbs
1129 2295 1386 2350 antiquissima
1398 2325 1408 2340 ,
1429 2297 1471 2336 ὃ(
1484 2292 1766 2338 florentissima,
1789 2306 1865 2335 tam
1891 2295 1989 2335 reli:

392 2355 513 2407 gionis
529 2353 681 2404 Deique
704 2352 833 2397 cultu,
860 2365 971 2407 quam
999 2356 1117 2392 totius
1139 2357 1245 2407 regni
1269 2352 1466 2408 respestu:
1499 2349 1777 2406 Hierosolymis
1794 2351 1977 2392 viuebant

395 2413 534 2450 Summi
552 2407 773 2452 Pontifices,
790 2408 1043 2451 Sacerdotes,
1071 2410 1240 2449 Leuitae:
1257 2408 1540 2463 peragebantur
1556 2408 1611 2449 ibi
1623 2406 1806 2448 sacrificia
1825 2422 1834 2447 :
1860 2422 1987 2449 voue-.

392 2465 533 2505 bantur
545 2466 715 2505 Domino
729 2476 841 2504 vota:
866 2468 986 2504 omnis
1009 2462 1086 2503 fere
1107 2464 1275 2518 Populus
1293 2462 1433 2506 Israelis
1457 2463 1512 2504 ibi
1534 2469 1739 2519 quotannis
1751 2475 1810 2504 ter
1824 2477 1972 2505 conue-

395 2522 545 2562 niebat.
579 2521 721 2562 Scribit
734 2520 914 2572 losephus
929 2544 940 2564 2
959 2518 1234 2577 Hierosolymae
1248 2519 1406 2576 quando
1420 2521 1440 2561 a
1454 2522 1553 2561 Tito
1568 2519 1804 2574 Vespasiano
1822 2520 1976 2562 obfide-

393 2590 515 2622 retur‚
534 2580 695 2618 circiter
711 2576 866 2631 vigefies
881 2578 1084 2631 quinquies
1100 2588 1261 2618 centena
1276 2578 1390 2618 millia
1403 2576 1599 2618 hominum
1624 2575 1750 2618 fuiffe.
1779 2579 1978 2619 Numerus

392 2633 476 2677 sane
488 2633 682 2674 immensus
697 2635 735 2674 δε
753 2634 869 2681 ferme
885 2633 1127 2674 incredibilis
1142 2663 1151 2678 ‚
1176 2633 1202 2674 fi
1215 2634 1323 2677 Vrbs
1337 2648 1384 2675 ex
1399 2634 1542 2676 ambitu
1555 2664 1566 2680 ,
1586 2638 1653 2688 qui
1667 2645 1833 2689 quatuor
1846 2635 1977 2676 millia-

391 2691 494 2731 ribus
507 2691 626 2745 paulo
638 2690 710 2731 fuit
725 2691 886 2743 amplior
897 2718 906 2734 ,
933 2689 1136 2731 aestimetur
1150 2723 1158 2731 .
2004 2677 2054 2728 D

448 2749 587 2801 Magna
602 2749 731 2802 itaque
743 2748 933 2802 religionis
948 2750 998 2786 vis
1014 2747 1066 2787 est
1087 2750 1125 2787 in
1152 2746 1434 2802 amplificandis
1452 2746 1611 2788 vrbibus
1625 2770 1636 2790 2
1657 2748 1870 2790 ditionibus
1883 2779 1893 2794 ‚
1916 2753 1977 2790 in..

388 2803 572 2844 illedfadis
584 2804 794 2857 peregrinis
810 2804 941 2858 :quod
952 2817 1037 2843 cum
1056 2804 1260 2844 Ieroboam
1277 2808 1472 2858 cognitum
1486 2803 1670 2849 haberet.
1687 2816 1728 2845 vt
1741 2807 1888 2846 Tribus
1905 2807 1976 2846 de-

390 2873 475 2901 cem
490 2858 708 2901 Israeliticas
722 2889 732 2904 ‚
756 2860 893 2914 quibus
910 2859 1158 2913 imperitabat
1171 2889 1180 2904 ,
1207 2859 1272 2900 suo
1290 2861 1491 2902 dominatu
1518 2865 1732 2907 coercerit;
1762 2877 1888 2902 veram
1915 2875 1975 2903 re·
2147 2883 2159 2903 ι

388 2917 565 2971 ligionem
579 2915 831 2957 idololatrica
846 2918 1106 2971 permutauit.
1137 2918 1210 2957 Hic
1230 2915 1294 2958 suo
1311 2916 1452 2959 scelere
1464 2921 1628 2959 omnium
1644 2923 1786 2972 primus
1804 2920 1881 2959 dici
1897 2932 1974 2959 me-

388 2977 490 3017 ruit,
515 2975 580 3028 qui
611 2974 831 3027 cupiditate
854 2972 1080 3013 dominandi
1102 2973 1275 3015 debitum
1291 2974 1480 3016 honorem
1501 2973 1711 3027 &sscultum
1737 2977 1812 3016 Dei
1835 2987 1972 3028 magno

388 3043 475 3070 cum
488 3028 687 3070 dedecore
710 3029 850 3070 miffum
861 3028 974 3073 fecit,
996 3030 1291 3087 posteritatique
1314 3030 1364 3072 fic
1387 3030 1641 3086 supplantatae
1667 3032 1764 3072 malo
1787 3030 1970 3083 exemplo

384 3086 567 3141 praeluxit
577 3118 586 3126 .
613 3089 789 3127 Caueant
799 3086 1013 3140 Principes,
1027 3090 1092 3141 qui
1112 3087 1356 3142 praepostero
1365 3088 1608 3143 gubernandi
1622 3090 1742 3129 modo
1756 3086 1877 3141 legem
1891 3088 1970 3130 Dei

386 3145 641 3187 conculcanti
668 3157 738 3183 nec
751 3143 876 3198 vnqui
887 3156 935 3181 ex
946 3144 1128 3183 memoria
1140 3142 1377 3186 tristiffimum
1391 3145 1559 3200 Magistri
1574 3143 1626 3185 sui
1642 3143 1857 3185 {eroboami
1871 3146 1967 3185 inte-

382 3203 496 3240 ritum
510 3199 712 3252 abijciunt,
722 3197 787 3241 sed
796 3196 1036 3254 resipiscant,
1051 3211 1087 3242 vt
1100 3200 1228 3244 alieno
1243 3205 1346 3243 cauti
1356 3201 1469 3247 malo,
1481 3200 1664 3257 periculis
1679 3203 1893 3242 eximantur
1903 3232 1912 3241 .

1748 3257 1912 3311 Religio

2182 2343 2206 2558 :fig-&32⁶0
