2206 3480
406 146 505 193 258
590 131 691 184 DE
734 124 1299 182 VESTIMENTIS
1341 83 1969 179 ΒΟΜΑ*>ϊ()1>αν’1ν[.4

407 223 587 279 gestarint
599 232 613 263 ?
627 220 858 277 Respondet
870 218 951 258 hoc
964 219 1175 259 institutum
1191 247 1202 263 ,
1213 230 1255 260 vt
1267 219 1380 260 rebus
1394 218 1566 260 secundis
1582 221 1694 265 elati,
1708 235 1750 261 ac
1765 220 1989 275 superbien-
2031 225 2075 282 A

406 293 466 321 tes
482 282 699 321 mutationis
719 278 881 318 fortunae
899 279 935 315 in
953 274 1107 315 alteram
1128 287 1277 332 partem
1306 280 1628 320 admonerentur;
1648 279 1827 331 exemplo
1844 277 1991 325 scilicet

409 340 541 380 Lunae,
565 350 649 389 quae
665 338 825 389 primum
839 345 975 373 recens
988 333 1121 373 extitit
1143 334 1162 372 εἰ
1185 334 1370 388 caligine:
1391 333 1536 388 fulgore
1555 334 1698 374 deinde
1709 333 1912 389 splendido
1933 334 1992 375 fa-

407 398 505 434 ciem
532 392 714 431 illustrans
734 387 922 444 augescit:
946 391 988 429 ἀ
1012 402 1097 430 cum
1124 390 1382 444 pulcherrima
1404 392 1559 431 renidet
1577 390 1675 430 orbe
1699 390 1836 444 pleno,
1862 389 1987 431 rursus

404 449 648 490 exuitlumen
661 447 762 487 suum
774 475 784 492 ,
799 448 840 486 ὅ(
852 445 899 486 ad
917 445 1070 486 nihilum
1085 447 1204 487 redit.
1232 452 1314 489 Aut
1329 449 1579 489 Obedientiae
1593 449 1645 489 fic
1660 447 1864 488 assuescere
1881 447 1984 487 dice·

406 507 521 549 bant,
538 506 655 544 Lunae
677 504 858 559 exemplo
882 503 1229 556 praestantiorinon
1241 503 1480 548 recusantes,
1509 506 1548 545 c&
1570 503 1989 559 quemadmodumilla..

403 561 588 604 secundas
605 561 689 600 obit
704 573 844 615 partes,
861 560 1026 602 Phoebei
1044 561 1192 616 semper
1206 562 1322 613 radijs
1342 563 1489 602 intenta
1503 563 1642 602 nitoris
1655 576 1665 606 ;
1678 565 1729 603 ita
1745 561 1816 617 ipsi
1828 575 1988 617 quoque

403 616 667 661 contentieffe
681 617 854 659 secundo
872 618 989 663 loco,
1015 618 1381 674 Magistratibusque
1403 619 1696 673 obtemperare.
1719 621 1898 660 Zoneras
1921 633 1989 659 au-

403 687 480 716 tem
494 679 640 730 inquit:
657 676 816 727 Patricij
832 674 1030 731 gestabant
1043 679 1081 716 in
1098 676 1206 719 Vrbe
1219 678 1371 717 calceos
1383 676 1549 717 vrbanos
1569 674 1691 716 forma
1717 676 1854 717 litterae
1868 678 1924 718 C,
1946 684 1988 715 vt

404 734 589 773 incentum
610 733 859 774 Senatoribus
886 733 1039 773 trahere
1065 734 1248 787 originem
1283 735 1532 774 viderentur:
1558 747 1722 787 quorum
1742 732 1987 788 fignumillud

405 804 484 830 non
509 790 647 834 Lunae‚
679 801 744 830 aut
774 788 918 843 syderis
944 788 1124 834 formam,
1146 789 1208 830 sed
1235 802 1364 831 notam
1385 793 1597 840 centenarij
1617 792 1763 830 numeri
1785 787 1987 843 significas·

403 846 440 886 se
455 846 636 887 voluerit.
669 846 796 886 Festus
816 861 909 887 vero
935 849 1059 901 inquit
1091 847 1258 887 Mulleos
1281 862 1399 902 genus
1423 847 1661 888 calceorum
1689 844 1793 887 fuiffe
1810 876 1819 891 ,
1848 845 1989 900 quibus

403 904 533 958 Reges
549 903 789 944 Albanorum
807 906 992 958 primum,
1006 903 1147 944 deinde
1162 905 1315 956 Patricij
1335 905 1383 944 vfi
1400 902 1495 944 sunt.
1513 905 1566 944 M.
1582 907 1686 945 Cato
1707 902 1990 958 Originuml.7.

404 965 470 1000 ait.
491 963 570 1013 Qi
591 961 852 1015 Magistratum
864 961 1043 1002 Curulem
1057 960 1260 1015 coepisset,
1285 961 1442 1001 calceos
1469 961 1628 1002 mulleos
1655 960 1811 1002 lunatos
1832 973 1900 1002 eos
1924 973 1990 1014 ge-

399 1016 507 1058 staffe
524 1049 532 1057 .
558 1017 729 1057 Calceos
741 1019 815 1059 albi
827 1017 970 1059 coloris
988 1016 1094 1058 fuiffe
1107 1046 1117 1062 ,
1132 1017 1335 1058 nonnullos
1347 1031 1439 1058 vero
1457 1020 1734 1072 Imperatorum
1748 1019 1789 1058 ὃ(
1802 1017 1991 1059 aliorum..

401 1079 668 1128 potentiorum
682 1074 878 1115 hominum
895 1079 1009 1116 etiam
1022 1076 1249 1116 coccineos
1261 1073 1389 1115 fuiffe:
1415 1072 1594 1116 foeminas
1603 1088 1696 1116 vero
1708 1074 1867 1116 diuersis
1880 1073 1990 1116 colo·
2013 1057 2053 1107 B

402 1132 507 1171 ribus
520 1131 676 1172 calceos
694 1131 866 1186 gestasse,
883 1143 924 1172 vt
941 1131 1085 1186 Lipsius
1100 1132 1143 1172 ὅ(
1159 1131 1219 1183 alij
1236 1131 1390 1172 voluere
1403 1163 1413 1172 .

458 1190 521 1228 De
537 1188 656 1229 Soleis
667 1188 717 1229 fic
732 1189 901 1243 Agellius
912 1188 1002 1230 lib.1
1014 1203 1048 1240 3.
1060 1202 1216 1244 cap.20.
1231 1190 1377 1230 Omnia
1388 1189 1430 1229 id
1441 1202 1578 1243 genus,
1594 1188 1732 1244 quibus
1745 1186 1991 1245 plantarum..

401 1246 560 1286 calceos
569 1256 711 1286 tantum
725 1246 853 1287 infime
864 1256 1055 1300 teguntur,
1068 1258 1208 1286 caetera
1222 1260 1351 1301 prope
1362 1246 1483 1290 nuda,
1496 1245 1613 1287 soleas
1629 1246 1823 1287 dixerunt.
1842 1248 1989 1288 Cicero

397 1305 434 1342 in
452 1302 630 1343 Verrem:
652 1306 759 1344 Stetit
777 1304 1082 1358 ffileatusPraetor
1108 1303 1235 1356 Populi
1249 1306 1406 1344 Romani
1428 1316 1505 1345 cum
1521 1303 1636 1357 pallio
1651 1313 1860 1358 purpureo,
1880 1305 1986 1344 tuni-

400 1372 513 1414 caque
523 1360 658 1404 talari,
674 1360 748 1404 &a

453 1421 500 1458 Et
514 1417 596 1458 haec
610 1420 659 1458 de
675 1422 938 1463 Romanorum
950 1418 1198 1461 Vestimentis
1210 1418 1420 1461 haetenus:
1448 1420 1497 1461 ad
1520 1433 1687 1475 quorum
1709 1420 1891 1461 maiorem
1913 1430 1986 1459 co-

398 1478 611 1528 gnitionem
624 1493 634 1522 ;
649 1476 712 1517 hic
728 1478 929 1519 diiineatas
940 1490 1130 1532 propono
1144 1487 1319 1519 veterum
1339 1478 1607 1519 Romanorum
1626 1481 1782 1519 icones.

484 1556 568 1595 lton
582 1550 917 1598 Romanaesoeminae
931 1554 1074 1597 stolata
1087 1582 1097 1593 .
1351 1559 1437 1599 leon
1452 1557 1609 1600 Romani
1620 1557 1800 1598 Senatoris
1809 1557 1822 1592 .'
