2206 3480
433 91 450 124 1
475 88 532 129 50
576 58 952 118 DOCTRJNA
969 58 1050 112 ET
1066 56 1347 109 ARTIVM
1364 55 1550 109 CVRA
1568 58 1754 114 APVD
1770 55 1946 108 ROM.
1985 92 1986 96 ,

483 162 581 205 Sane
596 174 728 214 magna
752 155 979 198 Parentibus
1004 150 1216 192 debemus:
1239 152 1347 206 quod
1368 155 1507 192 etenim
1523 151 1664 198 sumus,
1687 152 1839 194 illorum
1852 152 1927 195 est;
1952 149 2017 194 sed
2055 160 2094 213 A

424 222 535 278 plura
550 220 697 261 docstis;
716 219 896 270 quoniam
913 221 1106 263 nunquam
1122 212 1326 248 morimur.
1350 208 1405 249 llli
1420 213 1532 250 vitam
1550 210 1765 252 dederunt,
1792 208 1855 249 sed
1867 211 2020 264 peritu-

423 293 528 321 ram,
551 289 622 317 nec
635 274 730 314 vltra
746 281 909 312 mortem
925 272 1038 307 vitam
1050 279 1062 304 .·
1092 264 1131 303 hi
1145 269 1262 304 etiam·
1274 265 1365 319 post
1383 277 1546 307 mortem
1560 271 1688 306 viuere
1705 269 1924 308 docuerunt
1939 281 2021 307 om-

424 343 528 378 nium
539 335 729 374 lectorum
741 326 865 369 oculis
879 355 887 369 ,
902 323 1055 364 auribus
1070 350 1079 365 ,
1096 323 1226 362 animis
1239 354 1247 363 .
1271 324 1368 377 Qo
1382 324 1470 378 plus
1483 323 1740 380 scriptoribus
1752 338 1864 378 quam
1877 338 2018 379 paren-

424 395 528 434 tibus
541 390 724 430 debemus
738 414 748 429 ‚
769 397 855 423 cum
870 380 1004 434 abillis
1018 394 1097 420 non
1109 384 1331 422 morituram
1344 409 1357 427 ,
1375 380 1425 423 ab
1447 381 1506 424 his
1528 383 1751 424 morituram
1769 385 1885 422 vitam
1901 395 2018 422 acce·

424 451 593 506 perimus
608 477 616 484 .
968 484 969 487 ,

480 509 526 546 Et
539 499 768 544 certe-nulla
783 512 840 539 res
853 495 1152 551 alialongiorem
1165 497 1280 537 vitam
1297 495 1499 553 possessori
1511 496 1578 539 suo
1588 497 1700 539 dabit
1718 511 1794 538 non
1804 504 1921 553 opes,
1939 511 2020 538 non

423 575 599 617 purpura
614 583 624 602 a
640 572 719 598 non
731 556 904 612 sceptra,
920 569 998 596 non
1013 555 1138 600 bella;
1159 555 1272 596 ficuti
1287 555 1491 598 lediionem
1507 578 1517 598 2
1529 554 1752 610 litterasque
1770 558 1909 595 amanti
1925 568 2021 594 con-

422 623 573 674 tinget:
595 630 678 658 nam
694 629 808 670 quam
820 626 970 670 paucos
987 616 1220 668 opulentos>
1238 611 1416 655 saeculum
1432 627 1509 654 non
1527 613 1681 654 alterum
1694 636 1705 657 ‚
1723 611 1786 654 sed
1800 626 1874 652 nec
1888 609 2021 651 suum...

422 680 552 722 nouit,
572 677 615 717 ὃς
629 687 715 715 cum
735 677 811 712 vita
823 684 1034 726 purpuram
1048 669 1282 725 posuerunt:
1308 672 1352 713 ὃ(
1375 682 1475 728 quot
1497 669 1650 726 sceptra
1665 683 1753 710 cum
1772 682 1944 724 corpore
1962 672 2022 708 in-

421 743 607 788 teguntur
621 743 744 774 terne,
758 729 799 770 ὃ(
813 727 919 769 fuiffe
936 725 1078 768 nescias
1093 737 1107 768 ?
1136 731 1193 770 At
1205 742 1296 770 vero
1319 730 1561 771 eruditorum
1576 731 1746 769 virorum
1759 727 1950 768 memoria
1964 725 2022 765 vi·

422 804 489 831 uet
504 802 667 832 aeterna:
704 800 834 829 nonne
861 798 953 824 vnus
984 786 1022 823 in
1036 789 1172 839 paucis
1190 786 1348 842 pagellis
1364 788 1551 829 Minucius
1564 784 1690 830 Felix,
1710 798 1805 824 vnus
1828 787 1864 824 in
1881 783 2020 837 paucis

430 849 602 890 versibus
616 844 806 889 quenalis
821 846 874 886 ‚in
891 842 1148 895 paucioribus
1159 846 1273 885 etiam
1282 844 1450 890 Perfius,
1464 842 1597 899 saepius
1609 844 1648 884 in
1664 856 1734 883 ore
1751 841 1794 882 &
1808 841 2020 882 do‘storum

434 908 612 950 calamis,
631 918 743 960 quam
755 899 852 941 mille
865 914 936 954 per
948 912 1064 953 regna
1076 898 1191 954 sparfi
1203 905 1442 945 exercituum
1456 901 1640 942 dustores
1657 909 1671 941 ?
1691 910 1732 940 vt
1746 899 1833 954 plus
1845 897 2021 953 proinde

431 965 569 1006 merito
583 963 753 1003 alitteris
773 957 926 1015 sperare
939 954 1063 1011 quisq3
1077 958 1219 998 debeat
1230 986 1240 1001 ‚
1252 959 1295 999 &
1307 958 1427 1013 posfit
1441 990 1452 1006 ,
1469 972 1581 1013 quam
1595 958 1644 999 ab
1654 956 1865 999 illustribus
1890 957 2026 995 trium·
2047 981 2085 1031 B

431 1021 534 1078 phis:
545 1022 734 1074 cognouit
745 1018 824 1056 hoc
838 1018 951 1055 etiam
965 1017 1114 1054 Seneca
1128 1016 1177 1055 ad
1191 1028 1269 1055 rem
1282 1016 1448 1057 nostram
1461 1015 1519 1055 his
1532 1015 1659 1056 verbis
1670 1029 1682 1054 :
1693 1013 1811 1053 Mihi
1820 1015 1950 1052 certius
1963 1013 2027 1050 vi-
2074 1033 2077 1036 ⁴

431 1080 553 1122 detur,
567 1078 704 1131 ingenis
711 1087 820 1130 quam
831 1075 972 1111 virium
981 1070 1106 1122 opibus
1112 1072 1267 1124 gloriam
1275 1072 1505 1126 quaereres&
1514 1076 1652 1126 quonia?
1663 1073 1760 1114 vita,
1770 1084 1842 1125 qua
1841 1067 2026 1121 fruimur,

433 1136 554 1176 breuis
565 1132 608 1185 est
622 1158 632 1177 ‚
654 1132 863 1173 memoriam
876 1127 984 1178 ncstri
998 1142 1106 1181 quam
1119 1134 1283 1169 maxime
1291 1130 1432 1183 longam
1444 1127 1579 1182 effi'cere
1589 1160 1598 1169 .
1628 1132 1677 1170 Et
1698 1126 1826 1168 subdit
1847 1129 1950 1168 idem
1965 1127 2033 1165 Se-

435 1206 557 1234 neca:
589 1193 680 1230 Vnus
696 1191 770 1228 dies
794 1186 951 1225 hominis
981 1184 1117 1224 eruditi
1136 1187 1221 1238 plus
1237 1196 1344 1239 patet
1358 1217 1367 1232 ,
1400 1201 1510 1242 quam
1524 1188 1686 1239 imperiti
1705 1181 1898 1239 longiffima
1916 1192 2000 1224 aetas
2017 1211 2027 1220 .

434 1252 619 1300 Quorum
636 1249 875 1287 eruditorum
889 1247 1043 1283 nomina
1054 1245 1224 1285 omnium
1239 1246 1395 1285 calamis
1411 1274 1420 1290 ‚
1444 1258 1591 1300 oreque
1610 1242 1768 1283 laudata
1781 1246 1964 1283 memoria
1978 1240 2034 1279 vi-

431 1319 497 1348 uet
515 1310 930 1360 perennis2quanquam
947 1297 1160 1341 denfiffimo
1172 1301 1323 1342 silentio
1341 1303 1467 1357 Reges
1479 1302 1635 1357 plurimi
1646 1303 1892 1356 reperiantur
1904 1297 2033 1337 obuo-

432 1365 506 1408 luti
522 1368 655 1404 :vitam
670 1358 1011 1401 litteraedederunt
1021 1388 1031 1403 ,
1050 1357 1093 1397 ὃς
1104 1358 1152 1397 ab
1165 1358 1337 1401 altissinia
1348 1360 1587 1400 obliuionum
1600 1370 1724 1401 morte
1734 1358 2002 1398 vindicarunt.

487 1420 789 1463 Exsurrexerunt
800 1429 848 1456 ex
858 1414 915 1456 his
931 1419 1041 1455 etiam
1056 1414 1349 1462 Mathematici,
1362 1416 1614 1473 Philosophi,
1640 1416 1812 1459 Medici,
1837 1410 2033 1455 iuriscon-

431 1477 534 1522 sulti,
553 1477 752 1531 Theologi
766 1506 776 1520 ‚
802 1487 1008 1528 regnorum
1023 1474 1183 1519 lumina,
1207 1474 1284 1516 fine
1310 1475 1452 1531 quibus
1476 1474 1655 1517 nostibus
1673 1474 1806 1530 potius
1821 1484 1933 1527 quam
1947 1468 2034 1508 die-

433 1537 506 1577 bus
522 1539 739 1590 prouinciae
759 1533 1052 1574 inuoluerentur
1064 1563 1072 1571 .
1104 1533 1262 1574 Sciebat
1275 1531 1355 1574 hoc
1371 1547 1525 1588 magnus
1541 1531 1791 1574 Alexander:
1813 1527 1925 1570 nullis
1940 1539 2036 1582 pro-

432 1596 524 1634 inde
542 1592 746 1647 perpercit
762 1591 876 1632 donis
887 1594 924 1629 in
947 1588 1187 1631 Anaxarcho
1198 1618 1210 1635 ,
1224 1590 1456 1631 Xenocrate
1470 1591 1512 1630 ὃς
1526 1592 1611 1640 alijs
1625 1621 1634 1630 .
1666 1588 1828 1629 Sciebat
1842 1583 2035 1639 Augustus

431 1652 600 1706 Virgilio
612 1647 868 1692 amiciffimus‚
881 1647 1133 1689 Andronicus
1146 1651 1257 1688 etiam
1272 1648 1316 1688 &
1330 1647 1556 1688 Gordianus
1576 1650 1856 1701 Imperatores:
1878 1643 2033 1694 Diony-

432 1708 506 1751 sius
535 1721 717 1762 tyrannus
734 1708 931 1749 Platonem
958 1707 1117 1747 amauit:
1138 1703 1391 1747 dodiiffimum
1413 1719 1606 1762 quemque
1633 1706 1759 1758 Regni
1785 1701 1925 1749 muniis
1961 1696 2035 1737 ad-

433 1765 621 1806 mouebat
635 1764 860 1806 Alexander
880 1764 1064 1809 Seuerus,
1101 1762 1150 1802 de
1175 1777 1255 1819 quo
1270 1766 1531 1819 Lampridius:
1563 1760 1789 1817 Praeficiebat
1804 1757 1909 1799 rebus
1933 1755 2033 1795 litte-

432 1832 551 1867 ratos,
573 1822 620 1864 (θ’
633 1821 798 1862 maxime
813 1836 888 1864 eos,
913 1824 980 1875 qui
990 1821 1174 1872 hssoriam
1188 1832 1345 1866 norant;
1366 1825 1554 1877 requirens
1567 1824 1606 1860 in
1620 1819 1753 1858 talibus
1767 1815 1894 1871 caufis‚
1914 1812 2036 1867 quales
2057 1814 2105 1864 C

432 1884 472 1920 in
483 1878 741 1934 diſseptatione
753 1878 1002 1933 verfizbantur
1012 1889 1155 1919 veteres
1165 1881 1406 1931 Imperatores
1414 1909 1424 1923 ,
1452 1879 1518 1917 vel
1525 1888 1740 1917 exterarum
1754 1876 1916 1926 gentium
1924 1867 2038 1924 fecis:

423 1938 510 1993 sent
524 1969 532 1976 .
561 1936 751 1979 Vfitatum
766 1936 845 1976 hoc
858 1938 973 1976 etiam
985 1939 1091 1991 apud
1106 1937 1233 1977 Sinas.-
1261 1936 1366 1990 apud
1387 1950 1486 1991 quos
1510 1936 1531 1974 ὲ
1554 1934 1632 1975 sola
1643 1931 1878 1974 eruditionis
1891 1929 2036 1981 magni-

433 1997 569 2035 tudine
585 1995 813 2048 dignitates,
834 1993 1485 2049 prouinciarumquegubernacula
1505 1990 1758 2039 administrari
1775 1988 1966 2029 videmus.
2028 2025 2037 2029 γ.

175 2085 295 2120 badillo
313 2090 318 2097 ,
490 2054 588 2092 Non
598 2056 742 2092 ‘mirum
757 2051 850 2091 inde
863 2050 937 2093 est,
959 2052 1067 2099 quod
1091 2052 1192 2089 viros
1207 2052 1378 2107 vndique
1389 2051 1530 2091 dostos
1542 2052 1788 2104 praemiorum
1805 2045 2036 2099 magnitudi-

170 2131 258 2161 ‚„;,;,‚
309 2101 403 2121 mue».
433 2123 481 2149 ne
494 2111 657 2149 Romani
679 2112 909 2152 inuitarent5
932 2121 1019 2148 cum
1040 2106 1316 2161 Magistrorum
1345 2107 1422 2149 fere
1441 2121 1566 2148 mores
1589 2110 1626 2146 in
1658 2103 1944 2146 adolescentum
1966 2107 2035 2144 mi-

430 2176 546 2222 grent
561 2168 736 2222 ingenia.-
759 2170 933 2221 optimos
951 2164 1327 2219 proindeiuuentuti
1350 2165 1588 2206 instituendae
1601 2162 1797 2217 magistros
1814 2160 2038 2214 deligebant

433 2225 484 2264 illi
497 2247 507 2267 ›
526 2238 690 2279 quorum
707 2225 750 2263 &
766 2226 946 2263 virtutem
962 2222 1375 2263 iuuenesimitarentur
1392 2245 1402 2265 ‚
1425 2222 1638 2263 &monitis
1654 2220 1918 2260 erudirentur.
1943 2220 2039 2258 Eru-
2063 2243 2066 2245 Δ

436 2282 536 2321 ditio
550 2284 650 2321 enim
672 2280 746 2319 fine
768 2283 905 2320 virtute
929 2277 1059 2318 obesse
1078 2279 1168 2332 plus
1182 2292 1296 2332 quam
1316 2279 1498 2333 prodeffe
1519 2278 1636 2320 solet,
1655 2278 2034 2330 arrogantiaemater·:‘

435 2340 558 2379 virtus
571 2338 648 2378 fine
674 2337 893 2377 eruditione
908 2337 1046 2388 magno
1072 2335 1120 2375 ad
1133 2348 1266 2388 magna
1283 2336 1503 2377 destituitur
1517 2337 1761 2375 adiumento:
1788 2343 1994 2385 Vtrumque
2003 2331 2037 2372 :fi

438 2397 607 2437 iunxeris
620 2394 840 2435 felicitatem
858 2395 959 2448 parit
975 2424 983 2432 .
996 2396 1136 2433 iacent
1150 2391 1236 2432 sane
1251 2394 1402 2448 ingenia
1417 2392 1442 2431 fi
1456 2392 1581 2433 desint
1597 2391 1664 2446 qui
1679 2388 1884 2432 excolant;
1902 2389 1952 2426 ita
1963 2389 2054 2427 foer

437 2450 652 2494 cundiffimi
668 2451 914 2493 sterilescunt,
929 2461 991 2489 aut
1003 2449 1206 2491 fiiuescunt
1218 2452 1314 2503 agri,
1326 2450 1367 2490 &
1381 2453 1418 2489 in
1437 2448 1628 2504 ignobiles
1643 2444 1842 2487 transeunt
1855 2443 2036 2499 cespites,

439 2509 646 2565 glebasque
658 2509 684 2551 fi
697 2510 844 2550 cultura
856 2508 915 2548 sua
928 2503 1156 2549 frustrentur
1169 2540 1179 2548 .
1198 2510 1253 2549 Vt
1265 2520 1393 2547 verum
1407 2506 1452 2548 fit
1464 2506 1554 2546 illud
1568 2509 1747 2546 Senecae:
1768 2500 1879 2550 Potest
1889 2515 1940 2541 ex
1954 2500 2034 2555 cafix

442 2572 507 2606 vir
521 2579 669 2618 magnus
680 2570 804 2607 exire:
824 2563 935 2619 potest
950 2578 1000 2603 ex
1015 2564 1170 2616 desbrmi
1189 2564 1391 2618 humilique
1408 2562 1611 2618 corpusculo
1627 2559 1815 2616 J'brmofiis
1834 2561 1977 2599 animus
1987 2558 2034 2601 ὠ·

442 2638 610 2675 magnus:
631 2624 803 2679 quostiam
813 2627 939 2678 itaque
949 2621 1043 2662 mihi
1051 2623 1205 2662 videtur
1219 2624 1258 2660 in
1271 2621 1338 2660 hoc
1350 2631 1486 2660 natura
1502 2621 1592 2660 tales
1598 2632 1791 2672 generare,
1803 2625 1850 2654 vt
1862 2614 2038 2667 approbet
2061 2639 2110 2690 D

443 2684 622 2721 virtutem
636 2685 733 2721 omni
744 2682 818 2720 loco
828 2679 945 2734 nasci.
976 2682 1025 2720 Et
1035 2682 1121 2734 quis
1135 2679 1485 2719 dubitetinanimis
1498 2678 1687 2718 culturam
1704 2671 1828 2728 posse,
1848 2671 1956 2727 quod
1975 2677 2036 2711 in„

443 2749 545 2776 terra
561 2748 575 2777 ,2
591 2741 723 2791 quanti
737 2751 837 2778 nunc
853 2737 984 2778 rident
999 2737 1213 2777 hortiinter
1227 2734 1311 2776 saxa
1323 2735 1514 2790 inhospita
1527 2737 1569 2775 δί
1584 2740 1889 2785 rupes?quantae
1906 2729 2037 2771 Vrbes

442 2792 589 2833 deraiis
604 2794 800 2834 montibus
813 2792 1037 2848 superbiore
1050 2794 1193 2834 ludunt
1205 2796 1351 2834 vertice
1363 2803 1377 2832 ?
1390 2792 1454 2832 hic
1470 2791 1583 2832 melia
1597 2788 1745 2831 sudant,
1758 2787 1813 2827 ibi
1827 2786 2037 2830 saccariam

445 2851 488 2890 ἃ
502 2850 699 2905 quidquid
726 2850 799 2891 vlla
822 2861 911 2890 aetas
931 2850 1008 2890 vllo
1024 2865 1143 2904 regno
1156 2852 1254 2890 vidit
1271 2854 1308 2890 in
1334 2849 1486 2898 deliciis
1504 2871 1523 2890 r
1536 2850 1572 2888 in
1590 2845 1753 2886 ferarum
1767 2847 1882 2885 antris
1896 2845 1935 2883 &
1951 2842 2034 2883 solo

441 2904 530 2948 solis
541 2905 635 2947 saxis
650 2906 844 2947 foecundo
860 2906 1047 2947 nascitur:
1062 2907 1206 2947 florent
1221 2907 1312 2946 alibi
1327 2909 1494 2945 omnium
1505 2906 1675 2960 gentium
1691 2900 1850 2943 frondes
1865 2901 1907 2940 &
1918 2898 2035 2939 flores

439 2963 584 3004 derasis
599 2978 677 3018 ope
691 2963 855 3004 humana
870 2964 1031 3018 rupibus
1049 2987 1059 3006 ‚
1081 2964 1302 3018 inicitaque
1315 2963 1520 3018 peregrina
1535 2974 1637 3002 terra
1655 2991 1664 3005 ,
1688 2973 1774 3014 quae
1805 2957 2034 3011 peregrinos

438 3022 515 3061 alat
528 3020 697 3065 studium
722 3026 774 3061 ita
794 3021 887 3062 loco
912 3035 990 3060 nou
1007 3019 1072 3060 suo
1084 3021 1190 3060 alunt
1204 3034 1318 3077 rupes
1337 3021 1428 3061 alibi
1444 3031 1532 3060 nata
1546 3018 1647 3059 felici
1662 3014 2011 3068 transmigratione,
2025 3045 2035 3053 .

439 3078 807 3130 Qantomaiorain
821 3079 980 3118 homine
994 3089 1128 3118 natura
1141 3082 1178 3117 in
1191 3091 1341 3117 omnem
1354 3089 1506 3132 partem
1530 3075 1638 3117 molli
1659 3075 1700 3114 ὃ(
1720 3072 1837 3113 flexili
1856 3069 1939 3125 pari
1953 3069 2036 3109 cul-

438 3144 522 3175 tura
534 3140 706 3189 poterit.
738 3138 985 3190 Quamquam
1002 3134 1150 3175 felicior
1165 3133 1213 3175 fit
1227 3136 1291 3176 ille
1307 3164 1316 3179 ‚
1339 3150 1453 3189 quem
1468 3135 1609 3189 ingenij
1630 3135 1781 3171 bonitas
1800 3129 2038 3182 &magnitu-

432 3193 500 3238 do,
515 3194 616 3236 nulla
626 3208 760 3252 prope
773 3194 896 3237 aliena
908 3192 1095 3235 industria
1109 3193 1149 3233 &
1160 3191 1324 3237 cultura,
1334 3190 1400 3235 sed
1413 3193 1579 3250 propria
1592 3190 1728 3231 eduxit
1740 3185 1801 3227 sua
1811 3217 1820 3228 .
1889 3245 1926 3286 N

1931 3256 1977 3284 ec
