2206 3480
166 1680 255 1704 &artes
265 1699 273 1704 .

169 2017 273 2047 Fabula
282 2038 291 2048 .

406 79 518 121 2:30..
747 60 878 118 DE
957 53 1661 116 TRAGOED1.A2

415 170 513 216 quas
526 156 649 201 minus
663 155 800 200 dolere
814 179 826 203 2
848 168 896 196 ac
913 150 1161 196 extimescere
1175 163 1249 205 par
1259 146 1372 200 effer:
1399 146 1441 190 ὅ(
1453 159 1540 202 cum
1555 148 1595 188 in
1622 147 1854 203 Tragoedijs
1873 165 2030 207 propo-
2062 157 2104 208 A

416 225 564 259 nuntur
581 228 642 255 res
655 211 1004 257 cemmiseratione‚
1028 221 1073 249 ac
1088 218 1240 250 terrore
1255 202 1474 261 dign'iffiinae
1489 232 1499 248 ,
1525 202 2029 262 πρρῐςῆόηάῑιηῑήοῐηῐηες

417 272 514 327 quid
526 273 568 312 &
582 285 662 326 quo
678 281 856 325 tempore
867 265 1082 310 dolendum
1093 289 1104 310 ‚
1117 266 1159 310 &
1173 261 1516 307 commiserandum
1535 260 1581 302 lit
1591 290 1602 306 ,
1621 274 1709 316 quae
1724 262 1865 304 vtilitas
1880 266 1923 306 ὃς
1937 269 2028 308 vitae

419 329 564 374 srutstus
576 327 628 369 est
640 329 835 371 maximus,
848 335 891 371 vt
906 324 1032 365 docet
1054 322 1168 366 Arist.
1177 321 1331 365 Politic.
1345 320 1454 365 lib.,8.
1466 318 1534 360 sub
1547 318 1674 363 finem.
1691 321 1839 376 Deniq;
1851 318 2030 376 speetan.

421 389 483 429 dis
494 385 728 439 Tragoedijs
738 382 981 437 intelligimus
997 383 1167 423 omnium
1181 393 1425 422 communem
1439 378 1660 420 mortalium
1675 379 1846 436 iniquam
1863 377 1937 419 effe
1951 377 2033 419 for-

422 454 551 483 tunam
562 470 572 486 ,
588 443 630 481 &
643 444 709 496 qui
721 440 874 486 casibus
884 439 1081 481 obnoxius
1094 437 1232 482 nonfit
1248 461 1259 482 ‚
1279 439 1444 493 reperiri
1456 439 1618 478 omnino
1635 439 1857 479 neminem..
1876 436 1975 491 Qno
1990 435 2035 477 fit

420 498 622 543 vtfacilius
644 498 837 556 quicquid
863 496 1062 540 aduersum
1081 498 1123 538 &
1137 506 1282 553 praeter
1303 495 1543 538 voluntatem
1561 492 2032 545 acciderit·feramus.eo-

421 570 499 612 que
515 558 678 598 animum
689 554 1086 603 solatiosustentemus
1100 585 1109 601 ,
1133 555 1334 597 cumidem
1351 551 1507 610 prorsus
1518 565 1566 594 ac
1581 552 1734 609 grauius
1749 555 1863 601 etiam
1879 552 2032 592 Princi-

417 613 536 670 pibus
551 625 595 654 ac
613 614 787 669 Regibus
801 615 960 657 euenire
977 614 1197 657 videamus:
1223 610 1335 668 quod
1360 607 1546 667 expreffit
1556 611 1608 654 ad
1617 611 1744 653 viuum
1754 607 1964 666 Timocles
1990 623 2031 664 aa

418 671 504 730 pud
515 671 748 716 Athenaeum
759 673 867 715 lib.6.
882 671 1083 728 cap.1.his
1098 671 1288 713 verfibus.

642 732 806 774 Primum
819 731 994 782 Tragoedz·
1005 740 1147 784 quanta
1159 728 1343 770 commoda
1352 724 1526 779 adferant

645 789 829 842 Perpena'e
846 787 969 847 stodes.
992 788 1032 827 Si
1040 791 1122 843 quis
1128 787 1371 839 pauperculus
1386 809 1400 828 2

648 850 706 889 M
707 850 808 886 aiore
813 841 969 901 preffizm
982 844 1027 900 fi
1035 844 1180 885 videbit
1191 843 1400 897 Telephum

645 906 702 943 M
705 903 921 946 endicitates
935 901 1050 942 lenius
1050 902 1160 956 sitam
1161 898 1264 954 feret

646 961 937 1001 Mendicitatem
953 992 961 1000 .
983 960 1137 1016 Insanus
1149 959 1203 999 esi
1215 971 1260 997 ne
1273 957 1453 1014 quispiam
1465 965 1482 998 ,ἑ
1840 1000 1843 1001 ⁷

646 1016 835 1074 Furiofiaem
846 1021 878 1057 is
891 1018 1097 1060 Alcmaeona
1102 1018 1279 1070 proponit
1288 1015 1369 1068 fibi
1380 1046 1389 1055 .
2056 993 2094 1045 B
2111 1017 2113 1019 ’

645 1079 784 1126 Captus
795 1078 877 1129 quis
892 1078 1026 1115 oculis?
1046 1075 1178 1129 aspicit
1190 1086 1316 1114 caecum
1331 1070 1537 1125 oedipum]

643 1133 785 1173 Gnatus
801 1132 896 1186 obijt
912 1140 928 1172 ,ἔ
950 1135 994 1172 N
996 1132 1077 1172 iube
1092 1131 1198 1173 dabit
1207 1129 1388 1185 filatium
1406 1162 1415 1170 .

642 1191 673 1229 C
675 1188 886 1242 laudusaliq
892 1192 947 1230 uis
960 1202 1005 1229 ne
1013 1189 1066 1230 est
1077 1196 1093 1229 ,2
1114 1193 1145 1231 is
1155 1187 1387 1229 Philofletem
1399 1185 1546 1241 aspicit.

649 1246 777 1300 fisliftr
786 1245 921 1300 aliquis
933 1245 1055 1302 senex
1068 1254 1084 1286 ,ἰ
1106 1256 1230 1287 tuetur
1240 1249 1398 1285 Oeneum
1411 1276 1421 1285 .

649 1305 783 1343 Omnia
795 1316 954 1358 namque
961 1307 1138 1356 grauiora
1146 1334 1158 1349 ,
1180 1316 1291 1358 quam
1297 1304 1472 1355 patiatur

648 1356 858 1408 Insortunia
868 1383 880 1404 ,
900 1364 1023 1414 quiuzs
1031 1361 1340 1402 animaduerterit
1355 1361 1396 1399 in
1406 1359 1493 1416 alijs
1502 1379 1517 1403 5
2187 1400 2189 1403 ,

650 1419 737 1457 Suas
749 1417 973 1456 calamitates
985 1416 1080 1467 luget
1089 1419 1208 1455 minus
1219 1450 1229 1458 ,
1249 1439 1251 1441 -
1268 1415 1269 1419 ’
2170 1410 2199 1457 3

421 1476 633 1520 Vtilitatem
647 1473 749 1516 hanc
764 1498 775 1517 ‚
797 1473 1077 1527 quaecapiture
1091 1473 1323 1527 Tragoedia,
1351 1470 1503 1511 docent
1525 1468 1569 1512 hi
1590 1470 1745 1516 versun
1777 1479 1819 1512 vt
1842 1470 2031 1514 aliorum..

422 1534 608 1589 exemplis
618 1532 728 1575 facile
746 1528 865 1587 poffit
880 1528 1142 1586 spestatorum
1156 1533 1301 1571 animus
1317 1527 1471 1575 instrui,
1496 1542 1541 1571 ac
1552 1527 1654 1572 ferre
1666 1531 1763 1572 mala
1777 1527 1841 1571 sua
1859 1529 2032 1573 toleran-¹

421 1603 502 1636 ter,
513 1605 601 1632 cum
619 1590 740 1633 multo
750 1590 932 1644 grauiora
945 1587 1053 1628 videt
1064 1586 1138 1628 effe
1152 1586 1275 1632 aliena
1294 1618 1301 1624 .
1642 1612 1645 1618 s

481 1650 576 1688 Duo
591 1652 756 1702 partium
770 1660 911 1701 genera
937 1644 1174 1699 Tragoediae
1193 1644 1334 1686 tribuit
1349 1643 1597 1690 Aristoteles,
1608 1645 1749 1702 nempe?
1767 1645 2031 1699 Qantitatisv

422 1709 460 1748 in
476 1719 551 1760 qua
565 1715 648 1745 tota
663 1702 882 1757 Tragoedia
894 1711 999 1742 certa
1012 1700 1287 1742 distributione
1301 1702 1515 1749 diuiditur,
1545 1714 1586 1745 vt
1610 1708 1659 1745 in.
1673 1702 1886 1758 Prologum
1899 1732 1909 1748 ‚
1926 1704 2034 1743 Exo-

422 1764 512 1803 dum
525 1785 536 1805 2
557 1761 771 1802 Choricum
789 1757 934 1813 duplex
947 1789 956 1799 .
969 1761 1191 1799 Suntetiam
1203 1758 1415 1811 Qalitatis
1425 1772 1581 1813 partes,
1596 1762 1617 1801 a
1637 1761 1780 1814 quibus
1804 1759 2031 1814 Tragoedia

419 1833 561 1861 nomen
580 1819 740 1874 aliquod
753 1815 1056 1870 accipitlaudis‚
1082 1817 1125 1856 ἃ
1146 1814 1214 1855 has
1234 1818 1272 1855 in
1283 1813 1422 1855 summa
1434 1814 1497 1858 sex
1509 1815 1607 1856 effe:
1632 1817 1812 1858 Fabulam
1827 1844 1838 1861 ,
1862 1816 2030 1860 Mores,
2050 1828 2098 1881 C

421 1879 657 1920 Sententiam
670 1899 681 1918 ²
700 1875 922 1916 Distionem
935 1902 946 1917 ‚
966 1876 1212 1926 Apparatum
1223 1900 1234 1916 ,
1263 1873 1306 1912 &
1330 1871 1542 1914 Melodiam
1557 1888 1568 1914 :
1590 1874 1635 1914 &
1663 1884 1704 1915 vt
1733 1887 1805 1917 nos
1830 1872 2034 1931 aggredia-

417 1949 503 1977 mur
518 1935 630 1973 initio
644 1934 695 1973 de
711 1931 900 1986 qualitatis
915 1930 1094 1984 partibus
1111 1927 1313 1983 explicare
1325 1958 1336 1971 .

474 1991 620 2032 Fabula
633 1993 747 2044 igitur
761 1988 815 2029 est
825 1987 1031 2031 struc‘iura,
1050 1986 1094 2027 &
1108 1990 1411 2041 coagmentatio,
1422 2000 1499 2042 qua
1509 1996 1596 2028 tota
1610 1984 1832 2042 Tragoedia
1842 1986 2029 2025 contine·

416 2060 500 2091 tur:
525 2050 567 2088 &
582 2053 763 2102 quoniam
773 2050 928 2100 ingenio
940 2047 1147 2084 Poetarum
1158 2047 1417 2098 excogitatur,
1430 2058 1476 2085 ac
1494 2044 1663 2099 fingitur,
1677 2036 2029 2098 appellaturfabu·

419 2107 454 2145 la
467 2121 476 2150 3
488 2104 552 2146 sed
571 2107 743 2160 quamuis
762 2101 881 2158 poffit
895 2105 1009 2142 etiam
1022 2100 1182 2141 historia
1196 2113 1459 2156 argumentum
1472 2100 1674 2155 tragoediae
1689 2102 1861 2143 tradere,
1876 2112 1955 2138 non
1969 2109 2029 2139 ta-

418 2177 503 2202 men
519 2168 551 2203 ei
567 2161 790 2218 suppeditat
800 2160 1023 2201 structuram
1040 2190 1047 2199 .
1075 2160 1180 2209 Quae
1195 2157 1384 2200 structura
1394 2173 1520 2200 rerum
1535 2168 1629 2198 tunc
1650 2155 1869 2213 probabilis
1892 2159 1967 2196 erit
1979 2177 1992 2199 9
2005 2153 2036 2197 fi

420 2219 716 2260 conditionibus
732 2220 796 2268 ijs,
813 2216 954 2271 quibus
971 2214 1189 2256 instructam
1209 2230 1290 2256 eam
1303 2214 1375 2257 effe
1399 2216 1480 2257 vult
1495 2214 1725 2258 Aristoteles
1739 2244 1749 2260 ,
1774 2213 1956 2256 instrusta
1967 2210 2030 2252 fit.
2159 2224 2206 2286 fij

420 2278 547 2316 Prima
557 2291 651 2331 ergo
666 2275 848 2316 conditio
864 2273 910 2314 fit
922 2284 965 2313 vt
980 2286 1065 2326 quae
1082 2273 1285 2327 principio
1303 2273 1485 2314 struenda
1497 2272 1594 2315 sunt,
1615 2286 1695 2312 non
1705 2270 1954 2312 inculcentur
1967 2271 2029 2308 ἰη..
2155 2258 2200 2318 ζ’ξῖέῑΙ

420 2332 602 2378 medium,
619 2345 686 2374 aut
699 2334 927 2381 reiiciantur
938 2333 975 2369 in
989 2328 1128 2374 finem,
1144 2328 1202 2369 vel
1214 2330 1234 2369 ἐ
1251 2341 1408 2374 contra;
1421 2332 1604 2385 quoniam
1618 2341 1668 2367 ex
1677 2341 1800 2382 praua
1812 2326 1855 2366 &
1866 2338 2030 2381 praepo·
2155 2322 2165 2335 ⁷

425 2391 521 2432 ssera
531 2395 700 2447 partium
716 2388 968 2441 dispositione
979 2387 1188 2426 monstrum
1207 2385 1336 2425 existit
1346 2410 1357 2429 ‚
1369 2397 1412 2426 vt
1422 2395 1560 2427 monet
1574 2384 1765 2426 Horatius
1779 2414 1789 2424 .

644 2446 792 2489 Credite
804 2446 943 2500 Pifimes
957 2443 1021 2483 isti
1041 2443 1194 2485 tabula.-
1205 2440 1297 2492 sore
1316 2443 1453 2483 librum
2162 2483 2164 2486 ,

646 2502 862 2558 Perstmilem
877 2530 887 2545 ‚
905 2503 1004 2542 cuius
1016 2501 1121 2539 velut
1137 2503 1220 2552 aegri
1234 2497 1380 2552 fimnia
1391 2528 1401 2544 ‚
1417 2513 1526 2542 vanae
2171 2492 2174 2496 ’
2198 2503 2206 2554 5'

647 2564 676 2601 F
679 2564 855 2612 inguntur
869 2558 1002 2614 species
1017 2572 1026 2603 ;
1039 2566 1087 2597 vt
1095 2570 1158 2597 nec
1169 2567 1252 2610 pes»
1270 2569 1335 2596 nec
1346 2567 1454 2610 caput
1464 2560 1536 2597 vni
2161 2563 2163 2566 ’
2194 2556 2196 2560 '

648 2618 843 2658 Reddatur
844 2622 981 2668 Jbrmae
994 2648 1002 2656 .

424 2677 600 2719 Secunda
618 2675 799 2717 conditio
816 2674 882 2718 fit,
898 2672 1078 2714 vtiustam
1090 2670 1236 2713 habeat
1250 2672 1549 2728 magnitudinem
1566 2693 1578 2715 2
1601 2667 1917 2726 nequelongiore‘
1940 2680 2032 2722 neq;
2062 2657 2114 2710 D
2156 2677 2157 2680 ’

422 2736 643 2775 breuiorem
656 2762 665 2777 ,
690 2747 803 2787 quam
822 2746 892 2786 par
907 2731 973 2773 fit,
998 2729 1117 2771 faci-at
1132 2730 1388 2783 Tragoediam
1410 2745 1420 2771 :
1451 2731 1494 2770 ὃς
1513 2731 1619 2769 hunc
1632 2727 1928 2783 Tragoediarum
1949 2735 2032 2764 ter-

422 2795 564 2832 minum
579 2790 774 2844 duplicem
790 2789 863 2829 effe
880 2803 928 2828 ex
941 2787 1155 2829 Aristotele
1167 2817 1177 2831 ,
1189 2786 1436 2828 artificiosum
1448 2800 1562 2827 vnum
1573 2816 1584 2831 ‚
1600 2785 1812 2826 naturalem
1825 2784 2025 2826 alterum-³.

424 2848 650 2890 Naturalem
670 2847 723 2887 ait
739 2860 824 2886 eum
837 2844 910 2885 effe
921 2859 1035 2900 quem
1048 2855 1184 2885 natura
1195 2842 1333 2894 fabul'ae
1344 2873 1356 2888 ,
1369 2858 1455 2900 quae
1470 2845 1659 2886 tractatur
1674 2841 1896 2898 expostulat
1910 2839 2027 2893 3que-
2188 2847 2206 2894 7ι

426 2906 633 2949 admodum
647 2918 710 2944 res
724 2901 814 2958 ipsae
829 2901 1017 2943 naturales
1035 2906 1236 2943 terminum
1249 2900 1396 2941 habent
1409 2899 1534 2947 suum3
1561 2903 1603 2942 &
1625 2900 1706 2941 hoc
1729 2902 1939 2942 Poetarum
1966 2896 2027 2935 iu·
2188 2915 2189 2918 =

424 2967 532 3004 dicio
546 2965 704 3002 omnino
716 2959 1020 3014 permittendum
1033 2974 1043 3004 ;
1066 2960 1194 3015 quorfi
1209 2959 1348 3011 eritjita
1359 2961 1486 2999 omnia
1496 2957 1720 3014 disponere,
1733 2959 1776 2998 &
1788 2966 1883 2995 tunc
1897 2950 2027 2992 neces-

424 3021 520 3062 sario
535 3020 645 3059 finem
657 3018 937 3073 imponendum
951 3047 961 3062 ,
985 3031 1071 3058 cum
1094 3015 1185 3057 nihil
1205 3016 1306 3057 aliud
1318 3015 1366 3057 ad
1382 3017 1542 3057 astionis
1556 3014 1837 3057 absolutionem
1848 3013 2024 3064 require·

422 3094 464 3118 re
478 3075 780 3134 possuntfabulae
794 3073 1029 3130 spestatores
1045 3106 1053 3115 .
1087 3072 1353 3114 Artificiosum
1371 3073 1601 3129 Tragoediae
1611 3071 1727 3114 finem
1740 3100 1751 3116 ‚
1774 3083 1888 3125 quem
1916 3066 2023 3108 md

424 3147 574 3174 veteres
589 3130 795 3189 clepsydra
807 3131 1087 3188 praescribebat
1098 3146 1170 3186 per
1183 3131 1468 3172 instillationem
1482 3145 1589 3186 aquae
1602 3159 1612 3174 ,
1625 3139 1666 3171 vt
1679 3128 1733 3171 fic
1749 3135 2022 3168 enumerarent

420 3191 536 3233 horas
548 3214 559 3236 2
576 3190 901 3247 quemadmodum
911 3194 1100 3246 partimur
1116 3202 1185 3229 nos
1202 3187 1352 3230 easdem
1364 3203 1436 3244 per
1450 3201 1621 3230 arenam:
1640 3184 1768 3228 nostra
1778 3184 1944 3283 haegen.
1953 3196 2023 3238 pe*

1901 3251 1965 3281 ate
