2206 3480
457 67 567 159 404
871 88 1622 143 DEMILITIAL

421 207 501 234 rum
517 191 685 234 admittit
701 217 711 232 ‚
726 186 923 241 proditrix
935 183 1185 225 consiliorum
1200 183 1346 223 domini
1358 180 1410 222 sui
1424 181 1498 222 est.
1529 184 1687 234 Quanti
1702 184 1945 228 vero'referat
1963 186 2038 228 ho-
2055 173 2088 226 Α

420 250 556 291 stilium
573 245 728 288 consilia
742 242 845 281 nosse
856 239 929 285 ,θεὼ
940 240 1207 294 Epaminonda
1220 239 1404 280 habemus
1418 268 1429 285 ,
1447 242 1554 280 cuius
1571 237 1669 280 illud
1683 241 1929 283 est.:N1·hilin
1940 247 2021 289 D'u-¹
2078 233 2083 238 .

419 320 464 347 ce
477 303 714 346 laudabilius,
731 311 840 351 quam
856 296 1004 336 hoflilia
1018 295 1159 348 confilt'a
1173 296 1280 347 ncsse.

171 350 402 419 ἴξζὲζῗὶξηηω·
474 364 680 413 Nunquam
695 354 840 394 hostem
853 359 935 407 quis
951 365 1189 394 comtemnat
1201 368 1209 393 τ
1222 362 1469 409 contemptus
1493 352 1704 408 negletstum
1734 358 1840 409 parit
1864 369 1875 399 3
1900 355 2016 399 inde,

174 424 177 427 ’
267 415 275 424 ”
415 419 546 459 clades
561 446 571 459 ‚
598 417 814 466 &pereunt
829 409 1246 465 regnamuntempsiffe
1271 438 1281 454 ‚
1303 425 1405 452 arma
1428 410 1738 456 subministraffe,
1763 413 1908 452 animos
1932 426 2017 452 exa-

413 472 528 515 cuiffe
545 471 615 513 est.
648 468 761 520 Quid
775 468 923 509 mollius
934 467 1158 508 stillicidio?
1174 469 1214 508 ἀ
1232 468 1252 507 a
1263 478 1339 507 tam
1354 469 1461 510 molli
1475 466 1764 521 elenientoaiaxa
1775 470 1994 510 exeduntur
2006 491 2018 512 2

415 533 458 571 ὃς
475 544 589 584 rupes
605 542 613 568 :
627 528 760 568 eadem
777 529 1010 579 contingunt
1023 522 1291 565 florentissimis
1307 526 1348 564 &
1363 524 1590 566 validiffiniis
1612 529 1734 580 regnis
1759 556 1768 570 ‚
1797 539 1882 581 quae
1912 525 2015 566 Orbi

411 586 541 628 sabula
552 585 652 626 fasta
663 587 701 623 in
722 587 870 623 cineres
885 584 1119 636 redegerunt
1137 592 1318 636 :quan-tas
1331 579 1496 623 flammas
1509 581 1604 637 saepe
1621 583 1730 625 dedit
1746 581 1902 624 scintilla
1917 595 2015 622 con-

410 655 578 697 tempta·
611 644 817 683 Deteriora
831 640 854 682 Ξι
870 651 1106 693 contempto
1117 639 1226 680 hoste
1237 650 1449 680 euenerunt
1461 672 1469 680 .
1507 640 1609 679 Noli
1622 639 1757 680 robori
1776 650 1842 679 tuo
1857 640 2012 681 nimium

411 700 536 744 fidere
552 725 564 745 ‚
579 710 645 740 aut
661 697 760 738 hosti
775 696 975 737 diffidere:
996 707 1075 737 tuta
1091 699 1204 736 etiam
1219 698 1308 736 time
1327 711 1338 735 .·
1361 698 1475 737 timor
1485 696 1730 752 prudentiam
1746 700 1847 737 acuit
1861 725 1871 741 .
1900 698 1942 736 &
1954 711 2015 738 ra-

410 760 540 800 tiones
552 754 804 798 subministrat
818 753 975 797 robori,
994 754 1270 793 &moderatur
1281 757 1378 793 vires
1402 777 1413 797 ‚
1434 768 1479 793 ne
1496 752 1704 794 belluarum
1721 763 1828 794 more
1846 757 1883 794 in
1903 758 2015 793 noci-

412 826 499 858 tura
509 825 619 855 ruant
641 845 649 854 .
681 815 745 853 Co
763 816 840 865 gira
860 821 989 851 tecum
1004 813 1147 850 tacitus
1161 808 1360 865 quidquid
1379 813 1533 852 euenire
1545 810 1677 866 potest
1701 824 1711 851 t
1743 809 1958 865 praeuidiffe
1974 825 2013 850 e-

414 877 489 914 nim
503 895 513 914 ‚
528 871 656 926 prope
674 868 806 909 viciffe
821 868 873 908 est
891 899 900 908 .
1412 896 1416 902 ⁴
1721 901 1735 905 .,
1776 901 1778 904 ,

169 944 283 979 ,τιψφω
298 945 401 983 fligim.
472 927 666 969 Hostibus
679 940 770 967 vero
785 924 1018 979 fugientibus
1032 924 1233 965 laxandam
1250 927 1346 966 viam
1362 954 1373 969 ,
1385 936 1590 979 pontemq3
1606 923 1850 967 sternendum
1862 937 2015 964 aureum

169 993 238 1041 {³5⁰³
258 984 395 1013 laxmd‘b
415 988 555 1040 Scipio
568 994 701 1025 monet
715 1012 723 1020 .
756 983 906 1023 Pastum
922 980 1002 1022 hoc
1015 983 1036 1022 ὲ
1047 979 1198 1022 Caesare
1209 992 1348 1022 contra
1364 980 1614 1021 Tenctheros
1629 984 1671 1022 ὅ(
1683 983 1900 1022 Germanos
1929 1011 1939 1025 ,
1964 980 2014 1021 ab
2035 1003 2072 1053 B

176 1034 221 1052 “a
231 1040 239 1049 ’
414 1043 620 1098 Antigono
631 1050 768 1081 contra
783 1038 965 1083 Aetulos,
977 1040 997 1079 a
1009 1037 1275 1079 Themistocle
1286 1049 1424 1080 contra
1440 1038 1611 1078 Xerxem
1625 1051 1634 1078 :
1647 1043 1752 1078 cuius
1769 1049 2013 1093 praeceptum

412 1099 471 1141 est
485 1123 496 1143 ‚
512 1113 587 1139 non
604 1096 678 1137 effe
687 1095 844 1137 fortiter
860 1096 1074 1152 instandum
1087 1095 1329 1150 fugientibus
1351 1124 1361 1139 ‚
1375 1109 1458 1149 quo
1474 1094 1622 1135 facilius
1635 1094 1719 1134 alias
1729 1093 1904 1148 fugerent
1925 1126 1934 1135 .
1956 1096 2017 1136 O·

412 1157 556 1199 stendit
571 1153 749 1209 exemplo
759 1152 837 1193 hoc
853 1151 978 1198 suo,L.
992 1153 1167 1197 Martius,
1184 1153 1251 1205 qui
1263 1157 1473 1207 perexigua
1483 1149 1777 1205 desperabunda
1787 1165 1899 1193 manu
1911 1150 2009 1191 duos

414 1209 770 1267 Carthaginensium
786 1209 885 1250 fudit
895 1213 1084 1251 exercitus
1104 1233 1114 1253 ‚
1139 1209 1282 1264 quibus
1293 1209 1412 1264 paulo
1433 1219 1519 1251 ante
1533 1210 1619 1249 duae
1635 1207 1850 1250 consulares
1866 1210 2013 1250 Roma-

414 1286 472 1312 nae
483 1273 585 1311 acies
596 1274 760 1324 impares
772 1266 938 1308 fuerant.
973 1267 1052 1307 Pro
1066 1268 1194 1307 animo
1205 1270 1378 1308 nimirum
1391 1265 1547 1307 &ferro
1562 1263 1783 1320 desperatio
1795 1265 1849 1305 est
1861 1278 1873 1304 :
1884 1277 2013 1305 exem-

410 1328 516 1382 plum
530 1329 568 1368 in
586 1326 735 1367 Manlio
748 1325 932 1366 habemus
954 1353 965 1369 ,
989 1327 1055 1379 qui
1081 1337 1167 1364 cum
1190 1323 1238 1364 ad
1254 1338 1385 1365 omnes
1401 1335 1535 1377 portas
1546 1321 1735 1376 oppofito
1747 1322 1865 1363 milite
1885 1324 2012 1363 viam..

410 1384 583 1426 hostibus
601 1381 838 1426 claufiffet‚in
855 1381 1001 1423 rabiem
1013 1384 1128 1435 magis
1144 1394 1256 1435 quam
1273 1381 1522 1423 inaudaciam
1541 1377 1722 1419 Thuscos
1738 1377 1942 1423 accendit;
1955 1377 2009 1419 fic

411 1443 500 1483 dum
520 1445 577 1482 via
587 1440 681 1497 fugae
696 1439 848 1484 Volscis
860 1438 980 1480 clausa
996 1461 1006 1482 ›
1018 1453 1152 1493 magna
1164 1439 1348 1480 Romani's
1361 1437 1466 1479 illata
1476 1433 1794 1481 clades‚(:0nsule
1812 1437 1855 1476 &
1867 1434 2008 1475 Dista-

408 1510 494 1540 tore
510 1498 656 1540 saucio.
680 1498 798 1539 Adeo
814 1496 929 1552 ipsam
947 1498 1136 1551 ignauiam
1152 1494 1355 1537 neceffitas
1367 1498 1474 1537 acuit
1488 1510 1498 1542 ;
1523 1492 1658 1535 &fere
1672 1490 1893 1547 desperatio
1909 1491 2009 1533 bene

408 1557 589 1612 gerendae
602 1554 776 1597 reicaul'a
788 1558 841 1597 est
854 1584 862 1594 .
1339 1592 1345 1595 .
1499 1571 1501 1574 ¹
1633 1592 1636 1593 γ
1684 1590 1687 1593 ,
1736 1591 1740 1593 .
1774 1592 1775 1595 ,

467 1620 711 1669 Apparatum
724 1616 816 1655 vero
831 1613 1008 1654 bellicum
1024 1624 1110 1655 ante
1127 1613 1225 1655 bella
1236 1614 1418 1654 industria
1428 1627 1564 1668 magna
1582 1621 1695 1666 paret
1708 1633 1719 1653 ,
1734 1618 2006 1650 commeatum-

405 1685 484 1726 que
499 1685 649 1711 omnem
662 1669 857 1725 disponat,
877 1685 923 1710 ne
937 1686 1060 1712 rerum
1073 1671 1359 1712 necessariarum
1372 1672 1506 1724 inopia
1517 1673 1709 1711 exercitus
1725 1666 1876 1707 laboret
1891 1697 1899 1705 .
1925 1667 2007 1705 Pri-

403 1742 466 1771 ma
479 1729 649 1782 proinde
664 1728 846 1768 Dustoris
859 1741 953 1767 cura
963 1729 1024 1771 sit,
1041 1729 1142 1769 adea
1154 1729 1243 1769 loca
1254 1727 1337 1768 suos
1353 1727 1603 1771 deducerem
1621 1725 1760 1781 quibus
1772 1732 1879 1764 certa
1897 1734 2004 1761 com-

408 1797 557 1826 meatus
567 1782 650 1838 spes
663 1783 862 1838 affulgeat,
889 1797 1001 1838 quam
1015 1797 1088 1823 nec
1102 1784 1362 1824 intercludere
1377 1782 1493 1822 hostis
1510 1781 1625 1835 poffit
1642 1788 1666 1834 ξ,
1682 1793 1770 1822 ,ηερ
1786 1780 2008 1833 ”perderem

405 1845 469 1882 cui
484 1846 537 1881 rei
552 1852 780 1896 opportuna
792 1840 880 1881 loca
894 1843 1102 1894 quaerenda
1116 1839 1427 1881 sunt:cauenduin
1439 1837 1535 1878 serio
1550 1854 1596 1878 ne
1614 1851 1735 1877 rerum
1751 1838 1883 1889 inopia
1899 1831 2002 1889 pres·
2028 1836 2081 1889 C

403 1899 458 1939 sus
473 1922 483 1941 ‚
501 1900 634 1953 iniquo
647 1898 757 1939 loco,
775 1897 817 1938 &
829 1894 1152 1937 numeroinferior
1164 1897 1202 1936 in
1214 1910 1380 1951 pugnam
1397 1895 1590 1935 trahatur.
1619 1894 1778 1934 Laudari
1792 1896 1827 1930 in
1846 1891 1925 1930 hoc
1937 1905 2006 1944 ge·
2060 1889 2068 1895 ⁴

404 1971 497 1997 nere
512 1955 657 1995 Marius
672 1984 681 1998 ,
695 1955 833 2008 Scipio
845 1978 855 1998 ‚
870 1952 995 1994 Caesar
1008 1983 1018 1999 ,
1032 1954 1075 1993 &
1090 1955 1297 2004 Pompeius
1312 1962 1398 1992 ante
1413 1966 1542 1991 omnes
1564 1965 1578 1989 .·
1607 1952 1753 1991 vicerat
1774 1958 1859 1988 ante
1884 1948 2002 1990 Phar-

401 2014 548 2054 salicam
569 2023 801 2052 commeatus
812 2014 944 2066 inopia
959 2009 1190 2053 Caesarem‚s1
1203 2011 1356 2050 vincere
1369 2010 1389 2049 a
1405 2008 1471 2049 suis
1488 2006 1683 2064 permiffus
1694 2005 1921 2047 fuiffetrdum
1938 2008 2006 2045 tri-

406 2071 575 2111 buerunt
587 2099 595 2112 ‚
610 2070 717 2124 quod
734 2080 816 2109 erat
826 2068 1060 2124 prudentiae,
1074 2065 1282 2112 socordiae5
1297 2068 1336 2106 ὃ(
1355 2065 1432 2121 ipse
1445 2080 1524 2106 non
1541 2064 1605 2104 suo
1617 2063 1680 2104 sed
1691 2063 1840 2103 suorum
1856 2076 2003 2117 pugna-

408 2125 627 2181 uitZimpulsu
643 2141 651 2168 :
668 2125 979 2168 vietusaCaesaris
992 2126 1168 2165 exercitu
1202 2124 1279 2168 est,
1297 2127 1361 2164 cui
1376 2138 1499 2164 rerum
1514 2122 1643 2177 prope
1667 2121 1833 2161 omnium
1861 2118 2004 2173 egestas

410 2191 556 2226 animos
571 2183 802 2224 addiderat.

165 2251 385 2295 Hos-'ubunylcsco-
467 2243 642 2282 Fuichoc
662 2255 883 2296 magnorum
905 2243 1186 2294 Imperatorum
1208 2267 1219 2283 ,
1245 2248 1285 2279 vt
1311 2238 1511 2281 locorum,
1533 2235 1726 2277 fluminum
1741 2257 1751 2276 ²
1769 2234 2002 2277 montium,

163 2291 371 2327 '“'⁷¹C⁶5'²¹¹‘⁰⁹
410 2299 554 2339 viarum
570 2329 578 2343 ,
592 2312 805 2341 nemorum,
823 2311 1025 2352 rerumque
1045 2297 1198 2337 aliarum
1219 2298 1387 2336 oninium
1400 2299 1663 2349 cognitionem
1677 2291 1866 2333 haberent
1878 2313 1890 2333 ‚
1907 2304 2001 2330 neue

409 2355 588 2397 hostiliaie.
605 2366 713 2408 tergo
730 2354 1176 2409 propugnaculaintacsta
1191 2353 1290 2394 hosti
1303 2353 1609 2406 relinquerentin
1619 2362 1699 2391 tuta
1723 2350 1918 2401 receptui,
1944 2348 2002 2386 in-

411 2413 620 2455 commoda
636 2414 866 2451 commeatui
892 2440 902 2455 ‚
928 2411 1208 2462 impedimento
1224 2410 1370 2459 auxilijs
1383 2407 1653 2447 submittendis
1674 2434 1683 2448 ,
1715 2406 1858 2452 nuntiis
1886 2402 2000 2442 desti-

411 2471 545 2511 nandis
561 2499 569 2509 .
596 2471 728 2521 Qare
742 2480 780 2507 vt
794 2466 990 2508 securitati
1004 2471 1198 2507 exercitus
1211 2481 1282 2521 per
1298 2469 1424 2505 omnia
1436 2462 1707 2506 consulerent3
1734 2460 1828 2500 nihil
1843 2458 2000 2499 hostile,

406 2528 496 2584 post
509 2526 542 2566 se
553 2525 800 2580 patiebantur
813 2549 822 2566 ‚
839 2538 1023 2564 memores
1038 2538 1170 2576 magna
1180 2537 1228 2563 ex
1239 2522 1297 2561 his
1315 2522 1450 2563 damna
1463 2535 1540 2561 non
1555 2518 1667 2560 semel
1681 2520 1771 2558 data
1793 2532 1802 2557 :
1831 2518 2001 2557 Damnat

411 2588 449 2625 in
465 2584 543 2623 hoc
566 2586 728 2626 Varum,
747 2583 789 2621 ὃς
803 2580 996 2622 Vitellium
1012 2583 1176 2620 Tacitus
1192 2581 1262 2623 ,de
1276 2578 1423 2619 Caefare
1440 2592 1531 2618 vero
1543 2576 1634 2617 illud
1647 2576 1820 2624 Suetonij
1837 2571 1890 2613 est
1916 2585 1926 2612 ε
1953 2575 2002 2623 Ε-

406 2644 587 2682 xercitum
610 2653 724 2694 neque
742 2652 810 2691 per
819 2637 982 2692 instdiofit
1004 2640 1138 2678 itinera
1161 2638 1460 2691 duxz'tvmquam
1484 2664 1494 2680 ,
1532 2633 1604 2687 nfi
1619 2631 1885 2687 perspeculatus
1908 2628 1999 2669 loco-

407 2712 488 2737 rum
507 2697 619 2749 situs.
1206 2725 1210 2727 .
1260 2724 1262 2727 .
1486 2728 1490 2730 i
2028 2666 2079 2719 D

181 2788 265 2816 zm,
278 2798 327 2816 w
348 2797 356 2807 ,
380 2791 385 2798 ,
467 2757 519 2794 Vt
530 2765 656 2793 certus
674 2754 805 2808 aliquis
819 2752 927 2793 locus
944 2753 1121 2805 receptui
1137 2750 1367 2791 commodus
1385 2778 1394 2793 ,
1422 2762 1466 2789 ac
1482 2749 1711 2789 commeatui
1725 2753 1992 2800 opportunus;

161 2797 385 2862 defignamsssu‘
406 2809 647 2851 obseruatum
664 2813 684 2851 a
706 2808 882 2849 Ducibus
896 2838 905 2853 ,
924 2807 1073 2849 Caesar:
1091 2808 1354 2849 Nouiodunum
1367 2815 1446 2845 erat
1460 2805 1629 2857 oppidum
1641 2803 1843 2843 Aeduorum
1867 2800 1919 2839 ad
1942 2802 1997 2838 ri-

398 2879 487 2921 pam
501 2870 644 2919 Ligeris,
659 2876 858 2919 opportuno
872 2866 945 2905 loco
953 2866 1106 2917 positum
1135 2896 1142 2904 .
1180 2867 1222 2903 H
1227 2876 1269 2903 uc
1282 2862 1399 2917 Caese'ir
1413 2887 1424 2903 ,
1437 2875 1552 2901 omnes
1562 2860 1691 2915 obsides
1702 2856 1997 2908 Galliaefrumen-

405 2934 483 2965 tum
498 2954 508 2968 ,
532 2927 724 2976 pecuniam
730 2923 915 2975 publicam
929 2944 940 2963 ‚
957 2923 1111 2974 fiiorum
1140 2932 1251 2974 atque
1273 2921 1455 2959 exercitus
1471 2918 1805 2970 impedimentorum
1828 2923 1995 2963 magnam

399 2987 542 3034 partem
557 2981 756 3020 contulerat
767 3008 776 3016 .
807 2981 940 3026 Quare
954 2979 1062 3018 firmo
1079 2979 1144 3018 illa
1160 2979 1250 3018 loca
1260 2975 1440 3031 praesidio
1457 2975 1689 3016 tenebantur
1703 2977 1739 3012 in
1753 2970 1910 3011 tutelam
1927 2998 1936 3006 .

462 3038 698 3094 Speculetur
713 3051 782 3091 per
793 3039 939 3089 peritos
962 3065 972 3080 ,
999 3034 1322 3090 fidosqueitinera
1344 3063 1354 3077 ,
1379 3046 1448 3086 per
1460 3045 1543 3086 quae
1557 3029 1759 3070 ducendus
1776 3025 1970 3066 exercitus
1982 3053 1993 3068 ,

403 3097 580 3136 recludat
595 3096 690 3138 vias,
705 3091 913 3147 patefaciat
929 3091 1053 3132 aditus
1066 3122 1075 3136 ,
1088 3103 1172 3133 tuta
1187 3090 1326 3133 reddat
1342 3094 1498 3133 itincra;
1516 3096 1775 3144 praeoccupet
1791 3081 1815 3121 fi
1831 3084 1898 3137 qui
1909 3080 1994 3137 pol·

402 3152 455 3192 les
467 3151 650 3192 :insideat
662 3151 689 3192 fi
701 3164 785 3205 quae
800 3163 980 3189 nemora:
998 3163 1068 3189 nec
1088 3152 1124 3189 in
1142 3147 1334 3203 angustum
1348 3145 1384 3186 se
1400 3146 1492 3186 duci
1503 3143 1680 3186 auttrahi
1695 3141 1866 3195 patiatur
1879 3167 1886 3176 .
1900 3138 1995 3178 Pec-

403 3219 532 3250 catum
548 3212 583 3249 in
599 3207 673 3250 hac
684 3222 726 3249 re
735 3209 757 3248 a
767 3205 979 3249 posthumo
992 3204 1161 3248 Consule
1172 3229 1184 3249 2
1197 3205 1298 3247 vnde
1309 3215 1406 3245 natae
1419 3203 1611 3245 Caudinae
1622 3199 1736 3242 furcae
1748 3227 1757 3236 .
1846 3251 1887 3291 H

1894 3266 1940 3291 oc

186 1608 227 1641 Ap
231 1611 333 1633 aeratus
343 1603 394 1632 bel-

166 1654 230 1670 ulta
246 1664 254 1671 ι

157 3075 382 3137 ἇιίηεναῇροεηίαπ

175 3129 192 3145 a
201 3138 205 3143 .
