2206 3480
438 100 573 158 DE
648 102 1328 156 oBEL18c13.·
1655 124 1720 169 43

59 205 104 260 Α
134 198 275 244 Circo,
286 211 399 254 quem
413 198 469 239 ibi
482 208 707 240 extruxerat
724 227 735 244 ‚
759 194 824 238 sed
836 206 961 238 morte
973 207 1196 251 praeuentus
1211 196 1440 238 Constantini
1448 210 1489 238 us
1500 202 1680 242 remansit
1691 206 1731 242 in

135 266 258 314 portu
271 252 517 298 Alexandriae
530 257 653 298 distus
666 253 875 296 Obeliscus
895 284 905 299 ,
930 255 1063 294 donec
1084 254 1334 295 Constantius
1354 255 1453 298 filius
1478 256 1606 298 secuta
1636 259 1734 299 diui-

133 315 354 358 fioneinter
365 311 518 358 fratres,
532 313 702 368 plurimis
715 310 849 365 elapsis
862 315 967 352 annis
978 309 1232 368 ,illorumque
1245 324 1370 353 morte
1381 312 1512 354 secuta
1534 338 1545 358 ‚
1575 329 1622 355 ac
1644 319 1730 369 Ty-

135 375 263 414 rannis
275 370 474 411 debellatis
489 384 500 415 ;
520 384 607 410 cum
624 369 748 410 dictus
762 368 1011 409 Constantius
1024 368 1189 409 Romam
1201 368 1415 412 aduenisset
1443 402 1451 415 ,
1474 371 1617 413 ibidem
1636 388 1730 428 que,

135 425 400 483 triumphasset
411 456 420 472 ,
431 425 481 466 ad
494 426 705 480 augendam
719 424 787 465 fibi
796 425 955 479 gloriam
971 453 983 468 ,
1017 422 1257 467 Alexandria
1271 428 1436 469 Romam
1450 432 1607 470 adnexit
1618 431 1730 471 Obe-

133 485 392 539 liscum‚quern
405 482 462 523 ibi
474 495 589 537 pater
599 481 876 523 Constantinus
888 480 1100 535 reliquerat
1110 482 1215 525 ,&in
1227 486 1354 524 Circo
1369 485 1551 527 Max-fimo
1563 489 1729 529 eundem

134 556 267 597 magna
279 553 427 596 pompa
438 539 652 580 collocauit
675 554 686 584 ;
706 538 754 579 de
767 542 873 581 cuius
886 539 1082 578 erec‘iione
1101 539 1263 579 maxime
1287 540 1519 583 dubitarunt
1531 544 1702 586 artifices
1714 569 1726 588 7

131 596 301 641 vtrefert
314 599 534 638 Ammianus
551 596 806 638 Marcellinus
828 596 896 636 lib.
914 610 974 642 17-
994 595 1250 637 Theodofius
1274 599 1498 652 Imperator
1510 602 1652 641 deinde
1666 604 1728 643 iit„

130 657 291 697 Circum
309 652 713 710 Constantinopol.ex
726 657 914 709 Aegypto
931 653 1041 693 alium
1055 651 1282 694 Obeliscum
1298 657 1459 696 aduexit
1478 680 1489 699 ‚
1503 656 1724 713 ibidemque

129 711 306 769 reposuit
320 743 329 758 ,
355 711 454 752 ficut
471 712 638 767 Magnus
664 711 947 768 Constantinus
969 713 1043 751 iam
1057 709 1316 753 destinauerat
1335 741 1346 758 ‚
1373 723 1414 754 vt
1435 713 1554 754 refert
1567 714 1728 756 Merca-

133 781 193 812 tus
206 773 322 826 capit.
337 783 402 823 34.

184 828 328 869 Erectis
342 828 482 868 Romae
498 825 693 868 Obeliscis
703 850 715 871 ‚
726 837 770 868 vt
781 828 962 871 vidimus,
974 829 1114 869 iterum
1127 827 1179 869 illi
1192 827 1310 870 diruti
1322 827 1430 871 fuere
1444 860 1454 875 ‚
1470 830 1513 870 ὃς
1526 828 1605 868 hoc
1616 843 1725 869 nom
1754 850 1782 875 Λ
1794 847 1982 885 Gothissectm-

130 883 237 929 casu,
260 883 321 925 seu
333 882 718 929 fortuitoincendio,
733 882 792 924 vel
805 896 992 926 terrarum
1005 897 1117 927 motu
1129 913 1138 929 ‚
1152 884 1217 926 sed
1234 886 1326 928 data
1341 902 1484 943 opera.
1505 887 1726 928 Credidere
1754 887 1936 926 d⁰⁶⁰²²smsftss

131 941 334 998 aliquihoc
348 943 368 982 a
380 939 525 982 summis
536 940 793 983 Pontificibus
809 941 1035 982 Christianis
1048 942 1133 983 zelo
1146 943 1362 1000 Religionis
1375 945 1536 1002 peratstu
1550 974 1559 989 ‚
1585 948 1650 998 qui
1662 944 1728 983 de-

129 999 316 1041 struentes
329 1002 471 1040 Circos
484 1013 572 1039 cum
585 999 762 1040 omnibus
779 997 847 1040 suis
858 1001 1092 1040 ornamentis
1106 1030 1117 1046 ,
1139 1003 1356 1043 euerterint
1366 1007 1477 1043 etiam
1492 1001 1703 1043 Obeliscos
1715 1030 1726 1045 ‚

66 1029 105 1079 B
128 1056 243 1098 sicuti
255 1058 276 1096 a
290 1055 424 1098 sanetis
437 1057 616 1097 Patribus
626 1056 971 1112 reprehenduntur
980 1056 1197 1113 specstacula
1212 1058 1428 1105 Circenfia,
1447 1061 1489 1100 &
1506 1058 1703 1114 Equestria
1714 1080 1725 1100 ι

127 1117 261 1170 quaein
273 1115 400 1156 Circo
415 1112 796 1168 repraesentabantur
808 1144 819 1158 ‚
832 1126 931 1157 vtex
942 1112 1074 1156 saneto
1092 1117 1317 1171 Cypriano,
1341 1117 1384 1158 δε
1403 1116 1652 1157 Tertulliano
1668 1119 1729 1156 in„

123 1172 192 1212 lib.
203 1172 254 1212 de
269 1171 531 1227 Spectaculis,
554 1172 857 1217 &Prudentius‚
884 1183 926 1213 vt
937 1176 1090 1227 penitus
1103 1173 1195 1213 tales
1219 1173 1564 1220 luditollerentur,
1592 1174 1728 1214 horta-

124 1241 189 1272 tur
202 1228 418 1270 Honorium
435 1242 444 1268 ε
474 1230 537 1268 Tu
556 1241 670 1268 mores
689 1228 899 1283 mzfiroram
917 1229 1106 1269 hominum
1120 1231 1318 1282 prohibeto
1337 1231 1460 1272 lztari.
1489 1232 1617 1285 Qod
1638 1244 1731 1271 exe-

126 1296 238 1326 cutus
251 1285 305 1327 est
321 1286 528 1327 Honorius
539 1309 551 1330 ,
572 1289 745 1341 quamuis
755 1287 951 1328 Arcadius
969 1287 1012 1327 &
1027 1288 1234 1328 Honorius
1247 1288 1488 1344 permiserint
1498 1287 1630 1333 solum,
1643 1302 1730 1343 quae

122 1347 162 1385 iu
173 1346 297 1385 Circo
311 1343 354 1383 ὃς
366 1344 548 1384 Theatris
561 1343 780 1398 agebantur
792 1358 804 1382 ;
819 1347 881 1383 Ne
893 1345 1008 1384 nimia
1022 1344 1176 1384 tristitia
1190 1348 1229 1385 in
1239 1346 1374 1398 Populo
1389 1355 1626 1398 generaretur
1642 1369 1652 1388 2
1676 1343 1731 1385 af-

123 1401 254 1443 firmat
267 1400 551 1442 Theodoretus
579 1400 860 1455 cap<2621ib.5.
876 1401 1031 1441 Deinde
1055 1405 1093 1441 in
1114 1402 1306 1443 Concilio
1325 1402 1733 1457 Constantinopolita-

123 1471 176 1498 no
186 1458 357 1513 generali
371 1471 472 1498 anno
484 1462 537 1499 68
548 1459 676 1498 1.Can.
686 1462 752 1497 66.
766 1458 896 1498 omnia
908 1455 1218 1512 {pestaculorum
1233 1473 1374 1513 genera
1387 1459 1525 1500 diebus
1538 1458 1638 1500 festis
1651 1458 1732 1499 fue-

121 1526 213 1555 runt
225 1514 445 1569 prohibita.
475 1515 647 1555 Demum
661 1515 803 1555 Romae
812 1525 983 1569 propter
998 1512 1167 1555 eiusdem
1192 1515 1314 1557 Vrbis
1332 1516 1582 1557 vastationem
1596 1518 1639 1557 &
1662 1516 1732 1558 de-

118 1569 347 1614 solationem
362 1575 520 1628 penitus
530 1568 792 1612 remanserunt
807 1570 955 1613 abolita
969 1569 1193 1628 spestacula
1209 1586 1217 1613 :
1251 1576 1391 1615 etenim
1402 1573 1529 1628 spatio
1544 1587 1733 1614 annorum

120 1633 400 1686 quinquaginta
409 1628 554 1685 septem
573 1630 702 1670 Roma
716 1629 827 1670 orbis
843 1628 1081 1672 dominatrix
1096 1642 1157 1672 ter
1173 1630 1371 1673 violenter
1394 1642 1514 1688 capta
1528 1661 1538 1676 ,
1564 1632 1607 1671 &
1630 1630 1736 1671 dire—

118 1696 189 1742 pta
199 1685 270 1728 fuit
282 1689 302 1728 a
318 1687 498 1729 Barbaris
510 1703 520 1733 ς
531 1689 698 1742 primum
715 1687 736 1728 a
749 1685 964 1728 Genserico
979 1688 1089 1743 Rege
1103 1688 1346 1734 Gothorum,
1365 1703 1467 1730 anno
1481 1688 1625 1730 Christi
1635 1702 1686 1737 41
1696 1701 1734 1730 2.

117 1745 304 1785 Secundo
321 1744 592 1787 Valentiniano
604 1754 781 1791 mortuo,
805 1749 1017 1795 anno456.
1032 1755 1153 1801 capta
1166 1750 1304 1788 iterum
1318 1770 1330 1791 2
1352 1747 1395 1788 &
1424 1747 1622 1788 crudelius
1632 1746 1737 1786 dire-

117 1803 219 1857 ptaa
233 1806 346 1859 Rege
363 1802 651 1844 Vvandalorum
666 1832 677 1848 ‚
696 1805 762 1858 qui
781 1800 906 1844 secum
923 1802 1175 1845 adduxerunt
1188 1808 1225 1845 in
1239 1804 1412 1846 Africam
1424 1806 1638 1846 Eudoxiam
1654 1806 1731 1844 Im-

49 1870 96 1920 C
118 1863 355 1915 peratricem
375 1861 641 1902 Valentiniani
653 1860 819 1906 viduam,
832 1874 902 1902 vna
919 1874 1005 1901 cum
1020 1859 1202 1902 immenso
1218 1862 1371 1918 populo
1384 1866 1559 1917 captiuo:
1575 1862 1618 1901 ὃς
1631 1862 1732 1901 duo-

117 1919 245 1958 decim
261 1917 399 1974 elapsis
415 1921 543 1964 annis,
572 1918 693 1959 tertio
707 1918 865 1975 direpta
877 1920 897 1959 a
912 1919 1116 1960 Ricimere
1133 1922 1281 1963 Saeuo,
1308 1920 1645 1976 quiValentiniani
1663 1917 1736 1956 du-

115 1985 229 2017 xerat
241 1975 327 2017 alias
340 1979 553 2017 exercitum
572 1991 583 2022 ;
605 1973 808 2031 respirauit
821 1975 1068 2022 nihilominus
1081 1976 1225 2018 deinde
1238 1979 1365 2017 Roma
1377 1974 1443 2015 sub
1460 1975 1551 2014 The
1559 1975 1733 2014 odorico

119 2031 257 2072 Gotho
275 2056 286 2076 ‚
309 2034 329 2074 a
350 2048 429 2089 quo
444 2035 560 2075 etiam
575 2033 784 2088 restaurata
797 2032 904 2074 fuere
920 2032 1142 2087 spestacula
1155 2056 1166 2075 ‚
1194 2034 1234 2073 &
1248 2033 1317 2074 alia
1329 2029 1538 2086 insigniora
1550 2031 1731 2078 aedi-ficia,

119 2098 161 2129 vt
172 2087 387 2130 Casfiodor.
402 2091 505 2143 lib.3.
522 2093 559 2130 in
571 2089 679 2145 epist.
691 2089 740 2130 ad
757 2089 931 2130 Faustum
946 2089 1204 2144 Praepofitum
1224 2122 1232 2130 .

177 2147 235 2186 At
247 2161 342 2185 vero
354 2147 559 2202 postquam
583 2145 809 2188 Iustinianus
837 2149 1063 2201 Imperator
1089 2147 1238 2189 Vrbem
1275 2148 1296 2187 a
1319 2146 1540 2187 Gothorum
1555 2147 1731 2186 dominio

118 2208 392 2256 recuperauit;
409 2205 429 2244 a
454 2203 582 2244 Iotila
598 2204 818 2244 eorundem
842 2203 1075 2245 Gothorum
1091 2205 1204 2259 Rege
1220 2204 1357 2245 eadem
1369 2206 1510 2259 quarto
1522 2204 1735 2244 crudeliter

118 2257 180 2298 bis
195 2271 339 2314 capta,
363 2261 403 2300 &
425 2263 582 2315 penitus
599 2257 768 2300 desolata
791 2260 971 2302 remansit
998 2275 1101 2302 anno
1120 2273 1212 2312 547.
1233 2273 1276 2302 vt
1297 2263 1475 2303 omnibus
1497 2260 1735 2302 habitatori-

117 2314 191 2356 bus
205 2330 325 2357 vacua
339 2315 582 2363 remanserit,
607 2315 726 2358 refert
737 2316 778 2357 id
788 2318 1013 2374 Procopius
1027 2319 1133 2374 lib.3.
1151 2318 1199 2359 de
1216 2317 1330 2360 Bello
1347 2319 1573 2360 Gothorum
1589 2343 1599 2363 ‚
1627 2320 1670 2358 ἅ
1684 2318 1732 2358 de

114 2371 191 2414 hac
203 2373 337 2415 eadem
356 2373 595 2416 desolatione
612 2376 845 2415 Leonardus
860 2378 1048 2417 Aretinus
1065 2376 1117 2417 fic
1135 2376 1291 2418 scribit:
1320 2379 1454 2432 Itaque
1466 2375 1735 2431 infirrgensTo-

116 2430 184 2471 tila
199 2432 366 2472 mirabili
376 2432 592 2474 crudelitate
601 2435 731 2472 moenia
747 2434 871 2475 Romae
883 2433 1054 2486 pluribus
1063 2437 1102 2473 in
1114 2434 1201 2474 locis
1211 2434 1263 2473 ad
1279 2433 1401 2489 filum
1415 2437 1564 2475 euertit:
1572 2431 1657 2484 fuit
1669 2446 1736 2471 an-

116 2495 188 2528 tem
205 2488 270 2527 illa
280 2517 291 2533 ,
314 2488 393 2544 q'uae
407 2489 529 2546 euersa
542 2488 595 2530 ef}
605 2513 616 2533 ‚
629 2492 740 2528 tertia
756 2500 846 2542 pars
856 2492 967 2531 totius
989 2491 1147 2531 ambitus
1163 2504 1368 2536 murorum3
1396 2491 1618 2543 Capitolium
1633 2490 1734 2529 dein-

118 2543 333 2586 deinc-enan
348 2561 358 2591 ;
375 2548 468 2586 circa
484 2549 619 2588 Forum
631 2575 642 2592 ‚
665 2545 712 2589 (9
722 2546 924 2588 Saburram
938 2577 948 2592 ,
966 2548 1013 2591 ὠ
1026 2550 1131 2588 v'iam
1145 2550 1291 2590 Sacram
1303 2552 1424 2588 omnia
1436 2546 1705 2600 conflagrarunt
1719 2561 1733 2586 ,·

108 2597 287 2650 Μαόατ
297 2603 514 2661 Qirinalis
523 2634 533 2649 ,
546 2617 648 2644 mons
659 2607 867 2644 Auentinus
864 2603 1061 2657 flammam
1075 2605 1234 2659 incendis
1243 2604 1429 2645 euo'mebat
1442 2619 1451 2645 z
1463 2604 1602 2656 fragor
1613 2617 1727 2647 raen->

121 2658 211 2697 tium
225 2658 411 2702 domorzim
424 2660 566 2716 evhique
577 2659 820 2701 audiebatur.
849 2665 907 2702 Ex
922 2671 1017 2701 tunc
1036 2661 1086 2702 de
1110 2659 1364 2716 spectaculis,
1385 2661 1446 2703 seu
1469 2662 1554 2715 alijs
1576 2665 1733 2717 pompis

47 2693 98 2754 D
122 2713 246 2754 Vrbis
258 2729 334 2756 non
347 2717 508 2772 amplius
519 2719 676 2774 penitus
688 2719 838 2759 actum:
862 2718 1048 2773 fiquidem
1072 2733 1174 2764 anno
1205 2725 1296 2771 589.
1317 2720 1480 2761 eandem
1497 2723 1610 2761 etiam
1630 2720 1733 2759 Lon-

120 2769 290 2826 gobardi
301 2772 539 2816 obsederunt
554 2805 564 2821 ‚
583 2779 756 2830 quam-uis
769 2786 866 2816 tunc
883 2790 962 2816 non
978 2774 1093 2817 fuerit
1104 2786 1245 2831 capta:
1275 2775 1348 2817 fuit
1363 2777 1608 2819 nihilominus
1624 2781 1735 2818 dein-

121 2826 244 2869 debis
269 2829 290 2868 a
308 2831 508 2873 Saracenis
526 2833 684 2887 direpta
701 2862 711 2879 ‚
733 2847 995 2887 nempe-anno
1022 2839 1115 2885 829.
1131 2837 1221 2874 item
1237 2849 1338 2874 anno
1357 2840 1449 2886 845.
1469 2837 1512 2876 ὅ(
1537 2834 1590 2875 sic
1616 2835 1730 2884 varijs

120 2883 383 2927 seditionibus
406 2886 583 2943 depressa
612 2890 797 2932 remansit
816 2889 934 2946 vsque
967 2892 1017 2932 ad
1041 2891 1182 2934 Caroli
1207 2891 1345 2946 Magni
1373 2894 1629 2948 Imperatoris
1661 2889 1730 2929 ad-

124 2951 283 2983 uentum
294 2975 304 2985 .
425 2960 429 2977 2
477 2952 479 2955 “
555 2950 560 2960 ’
684 2954 687 2956 ’
748 2963 752 2969 >

178 3001 282 3043 Hinc
293 3000 397 3044 clare
407 3003 562 3045 constat
577 3005 742 3048 Gothos
756 3034 767 3050 ‚
793 3006 836 3046 δε
858 3005 1044 3049 barbaras
1064 3006 1155 3048 alias
1177 3010 1355 3048 nationes
1376 3010 1414 3047 in
1433 3005 1634 3046 tamlonoa
1648 3006 1728 3046 Vr-

124 3054 183 3097 b'is
195 3058 430 3106 vastatione·;
457 3060 555 3113 ipsas
567 3092 576 3107 ,
589 3072 669 3103 n'o'n
685 3070 808 3104 autem
821 3061 984 3106 summos
996 3064 1212 3106 Pontifices
1226 3062 1435 3105 deuastasse
1454 3039 1664 3102 Obeliseos
1686 3063 1726 3102 in

121 3115 248 3156 Circis
256 3115 420 3159 inclusos
432 3148 446 3162 .
467 3118 671 3175 Tantaque
684 3121 794 3161 rabie
808 3119 961 3162 eosdem
980 3121 1176 3163 Barbaros
1193 3119 1372 3163 inarsisse.
1402 3133 1450 3159 ne
1466 3120 1548 3158 vllo
1559 3133 1726 3174 vnquam

119 3181 298 3225 tempore
314 3175 474 3230 amplius
486 3180 727 3231 erigerentur
741 3177 927 3223 Obelisci;
942 3189 982 3218 vt
997 3180 1034 3218 in
1047 3180 1261 3220 eorundem
1277 3175 1724 3220 extremitateferro,aut

120 3230 197 3282 igni
208 3228 335 3292 diruti,
345 3231 406 3274 seu
416 3234 606 3276 combusti
620 3235 802 3291 plerique
816 3235 972 3276 illorum
987 3234 1118 3276 adhuc
1131 3245 1370 3332 apparzants
1395 3236 1577 3293 quamuis*
1589 3235 1608 3273 ἐι
1630 3231 1725 3272 sum-

312 3297 316 3308 ’
1343 3303 1370 3333 2
1600 3292 1666 3330 mis
