<?xml version="1.0" encoding="UTF-8"?>
<!DOCTYPE html PUBLIC "-//W3C//DTD XHTML 1.0 Transitional//EN"
    "http://www.w3.org/TR/xhtml1/DTD/xhtml1-transitional.dtd">
<html xmlns="http://www.w3.org/1999/xhtml" xml:lang="en" lang="en">
 <head>
  <title>
</title>
<meta http-equiv="Content-Type" content="text/html;charset=utf-8" />
  <meta name='ocr-system' content='tesseract 3.04.00' />
  <meta name='ocr-capabilities' content='ocr_page ocr_carea ocr_par ocr_line ocrx_word'/>
</head>
<body>
  <div class='ocr_page' id='page_1' title='image "./devrbisacromanio00casa_0041.png"; bbox 0 0 2206 3480; ppageno 0'>
   <div class='ocr_carea' id='block_1_1' title="bbox 313 61 1768 137">
    <p class='ocr_par' dir='ltr' id='par_1_1' title="bbox 313 61 1768 137">
     <span class='ocr_line' id='line_1_1' title="bbox 313 61 1768 137; baseline 0.009 -25"><span class='ocrx_word' id='word_1_1' title='bbox 313 61 414 114; x_wconf 91' lang='lat' dir='ltr'>DE</span> <span class='ocrx_word' id='word_1_2' title='bbox 455 62 841 137; x_wconf 71' lang='lat' dir='ltr'>ROM-ANAE</span> <span class='ocrx_word' id='word_1_3' title='bbox 877 65 1111 119; x_wconf 82' lang='lat' dir='ltr'>VRBIS</span> <span class='ocrx_word' id='word_1_4' title='bbox 1150 65 1584 122; x_wconf 78' lang='lat' dir='ltr'>AEDIFI&#39;CIIS.</span> <span class='ocrx_word' id='word_1_5' title='bbox 1689 91 1768 134; x_wconf 75' lang='lat'>&#39;2³9</span> 
     </span>
    </p>
   </div>
   <div class='ocr_carea' id='block_1_2' title="bbox 42 161 1985 3201">
    <p class='ocr_par' dir='ltr' id='par_1_2' title="bbox 71 161 1746 549">
     <span class='ocr_line' id='line_1_2' title="bbox 71 161 1746 224; baseline 0.002 -19"><span class='ocrx_word' id='word_1_6' title='bbox 71 172 115 224; x_wconf 80' lang='grc' dir='ltr'><strong>Α</strong></span> <span class='ocrx_word' id='word_1_7' title='bbox 145 175 252 205; x_wconf 72' lang='lat' dir='ltr'>aenea</span> <span class='ocrx_word' id='word_1_8' title='bbox 273 163 377 204; x_wconf 89' lang='lat' dir='ltr'>inter</span> <span class='ocrx_word' id='word_1_9' title='bbox 402 161 601 207; x_wconf 86' lang='lat' dir='ltr'>columnas</span> <span class='ocrx_word' id='word_1_10' title='bbox 624 163 780 207; x_wconf 87' lang='lat' dir='ltr'>fuerunt</span> <span class='ocrx_word' id='word_1_11' title='bbox 804 174 1118 217; x_wconf 85' lang='lat' dir='ltr'>3ooo.numer0.</span> <span class='ocrx_word' id='word_1_12' title='bbox 1149 162 1371 218; x_wconf 87' lang='lat' dir='ltr'>Caueaipsa</span> <span class='ocrx_word' id='word_1_13' title='bbox 1395 167 1505 220; x_wconf 84' lang='lat' dir='ltr'>cepit</span> <span class='ocrx_word' id='word_1_14' title='bbox 1516 163 1746 209; x_wconf 55' lang='lat' dir='ltr'>hominum„</span> 
     </span>
     <span class='ocr_line' id='line_1_3' title="bbox 144 219 1745 279; baseline 0.003 -19"><span class='ocrx_word' id='word_1_15' title='bbox 144 221 345 276; x_wconf 70' lang='lat' dir='ltr'>ostoginta</span> <span class='ocrx_word' id='word_1_16' title='bbox 355 220 491 266; x_wconf 87' lang='lat' dir='ltr'>millia;</span> <span class='ocrx_word' id='word_1_17' title='bbox 515 219 580 263; x_wconf 90' lang='lat' dir='ltr'>sed</span> <span class='ocrx_word' id='word_1_18' title='bbox 597 221 816 276; x_wconf 86' lang='lat' dir='ltr'>&amp;reliquus</span> <span class='ocrx_word' id='word_1_19' title='bbox 830 232 1039 274; x_wconf 86' lang='lat' dir='ltr'>apparatus</span> <span class='ocrx_word' id='word_1_20' title='bbox 1055 231 1184 262; x_wconf 90' lang='lat' dir='ltr'>tantus</span> <span class='ocrx_word' id='word_1_21' title='bbox 1194 221 1366 263; x_wconf 88' lang='lat' dir='ltr'>Attalica</span> <span class='ocrx_word' id='word_1_22' title='bbox 1377 222 1498 267; x_wconf 86' lang='lat' dir='ltr'>veste,</span> <span class='ocrx_word' id='word_1_23' title='bbox 1522 223 1660 264; x_wconf 89' lang='lat' dir='ltr'>tabulis</span> <span class='ocrx_word' id='word_1_24' title='bbox 1684 229 1745 279; x_wconf 91' lang='lat' dir='ltr'>pi-</span> 
     </span>
     <span class='ocr_line' id='line_1_4' title="bbox 143 276 1741 337; baseline 0.003 -19"><span class='ocrx_word' id='word_1_25' title='bbox 143 278 229 322; x_wconf 59' lang='lat' dir='ltr'>ctis,</span> <span class='ocrx_word' id='word_1_26' title='bbox 246 289 465 334; x_wconf 63' lang='lat' dir='ltr'>ceteroque</span> <span class='ocrx_word' id='word_1_27' title='bbox 477 280 670 334; x_wconf 85' lang='lat' dir='ltr'>choragio</span> <span class='ocrx_word' id='word_1_28' title='bbox 679 277 760 322; x_wconf 89' lang='lat' dir='ltr'>fuit,</span> <span class='ocrx_word' id='word_1_29' title='bbox 771 289 813 317; x_wconf 85' lang='lat' dir='ltr'>vt</span> <span class='ocrx_word' id='word_1_30' title='bbox 823 281 863 317; x_wconf 89' lang='lat' dir='ltr'>in</span> <span class='ocrx_word' id='word_1_31' title='bbox 873 276 1121 318; x_wconf 83' lang='lat' dir='ltr'>Tusculanam</span> <span class='ocrx_word' id='word_1_32' title='bbox 1137 278 1263 320; x_wconf 89' lang='lat' dir='ltr'>villam</span> <span class='ocrx_word' id='word_1_33' title='bbox 1275 284 1500 334; x_wconf 73' lang='lat' dir='ltr'>reportatis,</span> <span class='ocrx_word' id='word_1_34' title='bbox 1513 293 1600 336; x_wconf 90' lang='lat' dir='ltr'>quae</span> <span class='ocrx_word' id='word_1_35' title='bbox 1610 280 1741 337; x_wconf 84' lang='lat' dir='ltr'>super·</span> 
     </span>
     <span class='ocr_line' id='line_1_5' title="bbox 143 332 1741 391; baseline 0.002 -14"><span class='ocrx_word' id='word_1_36' title='bbox 143 334 301 377; x_wconf 82' lang='lat' dir='ltr'>fuerunt</span> <span class='ocrx_word' id='word_1_37' title='bbox 313 337 530 391; x_wconf 87' lang='lat' dir='ltr'>quotidiani</span> <span class='ocrx_word' id='word_1_38' title='bbox 539 336 619 376; x_wconf 88' lang='lat' dir='ltr'>vsus</span> <span class='ocrx_word' id='word_1_39' title='bbox 631 336 785 384; x_wconf 75' lang='lat' dir='ltr'>deliciis</span> <span class='ocrx_word' id='word_1_40' title='bbox 797 357 808 378; x_wconf 85' lang='lat'>‚</span> <span class='ocrx_word' id='word_1_41' title='bbox 820 332 974 374; x_wconf 90' lang='lat' dir='ltr'>incensa</span> <span class='ocrx_word' id='word_1_42' title='bbox 985 334 1068 375; x_wconf 82' lang='lat' dir='ltr'>villa</span> <span class='ocrx_word' id='word_1_43' title='bbox 1087 335 1136 374; x_wconf 82' lang='lat' dir='ltr'>ab</span> <span class='ocrx_word' id='word_1_44' title='bbox 1150 339 1257 377; x_wconf 87' lang='lat' dir='ltr'>iratis</span> <span class='ocrx_word' id='word_1_45' title='bbox 1267 336 1381 378; x_wconf 87' lang='lat' dir='ltr'>seruis</span> <span class='ocrx_word' id='word_1_46' title='bbox 1392 350 1741 380; x_wconf 83' lang='lat' dir='ltr'>concremarentur</span> 
     </span>
     <span class='ocr_line' id='line_1_6' title="bbox 144 390 1740 452; baseline 0.003 -19"><span class='ocrx_word' id='word_1_47' title='bbox 144 393 194 434; x_wconf 88' lang='lat' dir='ltr'>ad</span> <span class='ocrx_word' id='word_1_48' title='bbox 209 391 416 433; x_wconf 87' lang='lat' dir='ltr'>sestertium</span> <span class='ocrx_word' id='word_1_49' title='bbox 429 392 560 432; x_wconf 83' lang='lat' dir='ltr'>millies</span> <span class='ocrx_word' id='word_1_50' title='bbox 571 421 579 429; x_wconf 94' lang='lat'><strong>.</strong></span> <span class='ocrx_word' id='word_1_51' title='bbox 614 393 862 432; x_wconf 87' lang='lat' dir='ltr'>Marmoreos</span> <span class='ocrx_word' id='word_1_52' title='bbox 875 394 1043 444; x_wconf 86' lang='lat' dir='ltr'>parietes</span> <span class='ocrx_word' id='word_1_53' title='bbox 1055 390 1211 436; x_wconf 83' lang='lat' dir='ltr'>habuit,</span> <span class='ocrx_word' id='word_1_54' title='bbox 1238 408 1311 435; x_wconf 91' lang='lat' dir='ltr'>nec</span> <span class='ocrx_word' id='word_1_55' title='bbox 1323 392 1436 436; x_wconf 90' lang='lat' dir='ltr'>facile</span> <span class='ocrx_word' id='word_1_56' title='bbox 1450 394 1559 437; x_wconf 69' lang='lat' dir='ltr'>dista</span> <span class='ocrx_word' id='word_1_57' title='bbox 1574 429 1582 436; x_wconf 92' lang='lat'>.</span> <span class='ocrx_word' id='word_1_58' title='bbox 1601 400 1740 452; x_wconf 89' lang='lat' dir='ltr'>Itaque</span> 
     </span>
     <span class='ocr_line' id='line_1_7' title="bbox 144 447 1739 496; baseline 0.003 -5"><span class='ocrx_word' id='word_1_59' title='bbox 144 450 332 492; x_wconf 84' lang='lat' dir='ltr'>columnae</span> <span class='ocrx_word' id='word_1_60' title='bbox 345 463 566 490; x_wconf 77' lang='lat' dir='ltr'>marmoreae</span> <span class='ocrx_word' id='word_1_61' title='bbox 577 447 732 491; x_wconf 90' lang='lat' dir='ltr'>fuerunt</span> <span class='ocrx_word' id='word_1_62' title='bbox 750 462 840 490; x_wconf 88' lang='lat'>120.</span> <span class='ocrx_word' id='word_1_63' title='bbox 853 447 1022 489; x_wconf 87' lang='lat' dir='ltr'>totidem</span> <span class='ocrx_word' id='word_1_64' title='bbox 1039 462 1087 488; x_wconf 86' lang='lat' dir='ltr'>ex</span> <span class='ocrx_word' id='word_1_65' title='bbox 1102 452 1220 494; x_wconf 90' lang='lat' dir='ltr'>vitro,</span> <span class='ocrx_word' id='word_1_66' title='bbox 1235 453 1405 492; x_wconf 87' lang='lat' dir='ltr'>totidem</span> <span class='ocrx_word' id='word_1_67' title='bbox 1419 465 1468 495; x_wconf 83' lang='lat' dir='ltr'>ex</span> <span class='ocrx_word' id='word_1_68' title='bbox 1482 453 1624 495; x_wconf 89' lang='lat' dir='ltr'>tabulis</span> <span class='ocrx_word' id='word_1_69' title='bbox 1637 458 1739 496; x_wconf 87' lang='lat' dir='ltr'>inau-</span> 
     </span>
     <span class='ocr_line' id='line_1_8' title="bbox 145 511 256 549; baseline -0.045 0"><span class='ocrx_word' id='word_1_70' title='bbox 145 511 256 549; x_wconf 84' lang='lat' dir='ltr'>ratis.</span> 
     </span>
    </p>

    <p class='ocr_par' dir='ltr' id='par_1_3' title="bbox 137 559 1985 948">
     <span class='ocr_line' id='line_1_9' title="bbox 198 559 1985 618; baseline 0.005 -15"><span class='ocrx_word' id='word_1_71' title='bbox 198 561 489 618; x_wconf 85' lang='lat' dir='ltr'>Amphitheatri</span> <span class='ocrx_word' id='word_1_72' title='bbox 508 564 650 604; x_wconf 87' lang='lat' dir='ltr'>Titiani</span> <span class='ocrx_word' id='word_1_73' title='bbox 665 559 822 604; x_wconf 88' lang='lat' dir='ltr'>confusa</span> <span class='ocrx_word' id='word_1_74' title='bbox 844 560 981 606; x_wconf 78' lang='lat' dir='ltr'>facies,</span> <span class='ocrx_word' id='word_1_75' title='bbox 1001 563 1043 604; x_wconf 71' lang='lat' dir='ltr'>&amp;t</span> <span class='ocrx_word' id='word_1_76' title='bbox 1065 561 1187 604; x_wconf 86' lang='lat' dir='ltr'>forma</span> <span class='ocrx_word' id='word_1_77' title='bbox 1201 564 1292 604; x_wconf 77' lang='lat' dir='ltr'>vere</span> <span class='ocrx_word' id='word_1_78' title='bbox 1313 564 1507 612; x_wconf 87' lang='lat' dir='ltr'>informis,</span> <span class='ocrx_word' id='word_1_79' title='bbox 1531 569 1660 611; x_wconf 88' lang='lat' dir='ltr'>lacera</span> <span class='ocrx_word' id='word_1_80' title='bbox 1685 571 1745 611; x_wconf 89' lang='lat' dir='ltr'>ni-</span> <span class='ocrx_word' id='word_1_81' title='bbox 1811 567 1985 602; x_wconf 50' lang='lat' dir='ltr'>Amsffls&#39;ffl‘</span> 
     </span>
     <span class='ocr_line' id='line_1_10' title="bbox 140 610 1925 679; baseline 0.004 -19"><span class='ocrx_word' id='word_1_82' title='bbox 140 622 271 661; x_wconf 89' lang='lat' dir='ltr'>mirum</span> <span class='ocrx_word' id='word_1_83' title='bbox 291 620 500 676; x_wconf 50' lang='lat' dir='ltr'>&amp;fdirupta</span> <span class='ocrx_word' id='word_1_84' title='bbox 514 624 655 675; x_wconf 82' lang='lat' dir='ltr'>egregij</span> <span class='ocrx_word' id='word_1_85' title='bbox 674 621 804 675; x_wconf 86' lang='lat' dir='ltr'>operis</span> <span class='ocrx_word' id='word_1_86' title='bbox 816 620 948 661; x_wconf 86' lang='lat' dir='ltr'>vmbra</span> <span class='ocrx_word' id='word_1_87' title='bbox 960 643 970 662; x_wconf 81' lang='lat'><em>,</em></span> <span class='ocrx_word' id='word_1_88' title='bbox 999 621 1040 659; x_wconf 66' lang='grc' dir='ltr'>ὃς</span> <span class='ocrx_word' id='word_1_89' title='bbox 1059 621 1228 661; x_wconf 86' lang='lat' dir='ltr'>cadauer</span> <span class='ocrx_word' id='word_1_90' title='bbox 1241 620 1314 662; x_wconf 79' lang='lat' dir='ltr'>effe</span> <span class='ocrx_word' id='word_1_91' title='bbox 1328 624 1505 669; x_wconf 78' lang='lat' dir='ltr'>videtur,</span> <span class='ocrx_word' id='word_1_92' title='bbox 1518 629 1627 679; x_wconf 84' lang='lat' dir='ltr'>quod</span> <span class='ocrx_word' id='word_1_93' title='bbox 1642 629 1744 668; x_wconf 93' lang='lat' dir='ltr'>inter</span> <span class='ocrx_word' id='word_1_94' title='bbox 1763 612 1836 632; x_wconf 45' lang='lat' dir='ltr'>‘mm</span> <span class='ocrx_word' id='word_1_95' title='bbox 1849 610 1906 633; x_wconf 76' lang='lat' dir='ltr'>Tm</span> <span class='ocrx_word' id='word_1_96' title='bbox 1917 629 1925 637; x_wconf 82' lang='grc'><em>“</em></span> 
     </span>
     <span class='ocr_line' id='line_1_11' title="bbox 142 678 1742 735; baseline 0.006 -19"><span class='ocrx_word' id='word_1_97' title='bbox 142 680 266 732; x_wconf 90' lang='lat' dir='ltr'>prima</span> <span class='ocrx_word' id='word_1_98' title='bbox 285 678 552 719; x_wconf 78' lang='lat' dir='ltr'>Romanorum</span> <span class='ocrx_word' id='word_1_99' title='bbox 567 692 688 733; x_wconf 88' lang='lat' dir='ltr'>opera</span> <span class='ocrx_word' id='word_1_100' title='bbox 700 689 854 731; x_wconf 90' lang='lat' dir='ltr'>ponunt</span> <span class='ocrx_word' id='word_1_101' title='bbox 867 680 1061 718; x_wconf 64' lang='lat' dir='ltr'>Austores</span> <span class='ocrx_word' id='word_1_102' title='bbox 1073 708 1083 722; x_wconf 83' lang='lat'>‚</span> <span class='ocrx_word' id='word_1_103' title='bbox 1109 683 1175 732; x_wconf 86' lang='lat' dir='ltr'>qui</span> <span class='ocrx_word' id='word_1_104' title='bbox 1191 678 1240 718; x_wconf 89' lang='lat' dir='ltr'>de</span> <span class='ocrx_word' id='word_1_105' title='bbox 1251 693 1300 718; x_wconf 93' lang='lat' dir='ltr'>eo</span> <span class='ocrx_word' id='word_1_106' title='bbox 1328 678 1586 735; x_wconf 86' lang='lat' dir='ltr'>scripserunt.</span> <span class='ocrx_word' id='word_1_107' title='bbox 1612 686 1742 726; x_wconf 89' lang='lat' dir='ltr'>Locus</span> 
     </span>
     <span class='ocr_line' id='line_1_12' title="bbox 140 735 1742 790; baseline 0.005 -17"><span class='ocrx_word' id='word_1_108' title='bbox 140 747 225 775; x_wconf 88' lang='lat' dir='ltr'>erat</span> <span class='ocrx_word' id='word_1_109' title='bbox 247 735 406 775; x_wconf 87' lang='lat' dir='ltr'>ludicrae</span> <span class='ocrx_word' id='word_1_110' title='bbox 428 735 668 790; x_wconf 79' lang='lat' dir='ltr'>voluptatis,</span> <span class='ocrx_word' id='word_1_111' title='bbox 691 735 901 775; x_wconf 68' lang='lat' dir='ltr'>strustusin</span> <span class='ocrx_word' id='word_1_112' title='bbox 917 735 1041 775; x_wconf 86' lang='lat' dir='ltr'>media</span> <span class='ocrx_word' id='word_1_113' title='bbox 1056 735 1184 780; x_wconf 84' lang='lat' dir='ltr'>Vrbe,</span> <span class='ocrx_word' id='word_1_114' title='bbox 1211 735 1304 776; x_wconf 84' lang='lat' dir='ltr'>teste</span> <span class='ocrx_word' id='word_1_115' title='bbox 1318 740 1530 784; x_wconf 87' lang='lat' dir='ltr'>Suetonio,</span> <span class='ocrx_word' id='word_1_116' title='bbox 1559 738 1742 782; x_wconf 57' lang='lat' dir='ltr'>solidata:¹</span> 
     </span>
     <span class='ocr_line' id='line_1_13' title="bbox 140 790 1740 848; baseline 0.004 -17"><span class='ocrx_word' id='word_1_117' title='bbox 140 790 338 833; x_wconf 83' lang='lat' dir='ltr'>Tiburtini</span> <span class='ocrx_word' id='word_1_118' title='bbox 354 793 490 847; x_wconf 87' lang='lat' dir='ltr'>lapidis</span> <span class='ocrx_word' id='word_1_119' title='bbox 505 807 696 848; x_wconf 85' lang='lat' dir='ltr'>compage</span> <span class='ocrx_word' id='word_1_120' title='bbox 709 822 718 838; x_wconf 91' lang='lat'>‚</span> <span class='ocrx_word' id='word_1_121' title='bbox 740 802 846 832; x_wconf 86' lang='lat' dir='ltr'>tanta</span> <span class='ocrx_word' id='word_1_122' title='bbox 860 791 1060 833; x_wconf 78' lang='lat' dir='ltr'>altitudine</span> <span class='ocrx_word' id='word_1_123' title='bbox 1072 817 1082 835; x_wconf 83' lang='lat'>‚</span> <span class='ocrx_word' id='word_1_124' title='bbox 1107 805 1149 846; x_wconf 81' lang='lat' dir='ltr'>vt</span> <span class='ocrx_word' id='word_1_125' title='bbox 1161 794 1259 848; x_wconf 71' lang='lat' dir='ltr'>aegre</span> <span class='ocrx_word' id='word_1_126' title='bbox 1281 795 1375 835; x_wconf 80' lang='lat' dir='ltr'>visio</span> <span class='ocrx_word' id='word_1_127' title='bbox 1394 795 1557 837; x_wconf 83' lang='lat' dir='ltr'>humana</span> <span class='ocrx_word' id='word_1_128' title='bbox 1583 801 1740 837; x_wconf 83' lang='lat' dir='ltr'>contin-</span> 
     </span>
     <span class='ocr_line' id='line_1_14' title="bbox 137 849 1740 906; baseline 0.003 -16"><span class='ocrx_word' id='word_1_129' title='bbox 137 861 203 904; x_wconf 86' lang='lat' dir='ltr'>gat</span> <span class='ocrx_word' id='word_1_130' title='bbox 219 879 229 893; x_wconf 89' lang='lat'>,</span> <span class='ocrx_word' id='word_1_131' title='bbox 257 851 384 906; x_wconf 84' lang='lat' dir='ltr'>inquit</span> <span class='ocrx_word' id='word_1_132' title='bbox 397 851 640 892; x_wconf 77' lang='lat' dir='ltr'>Ammianus,</span> <span class='ocrx_word' id='word_1_133' title='bbox 662 853 716 891; x_wconf 88' lang='lat' dir='ltr'>At</span> <span class='ocrx_word' id='word_1_134' title='bbox 735 853 914 904; x_wconf 85' lang='lat' dir='ltr'>quoniam</span> <span class='ocrx_word' id='word_1_135' title='bbox 931 851 980 890; x_wconf 87' lang='lat' dir='ltr'>de</span> <span class='ocrx_word' id='word_1_136' title='bbox 993 851 1074 890; x_wconf 90' lang='lat' dir='ltr'>hoc</span> <span class='ocrx_word' id='word_1_137' title='bbox 1084 849 1303 906; x_wconf 81' lang='lat' dir='ltr'>plurainfra</span> <span class='ocrx_word' id='word_1_138' title='bbox 1314 853 1489 894; x_wconf 81' lang='lat' dir='ltr'>dicemus</span> <span class='ocrx_word' id='word_1_139' title='bbox 1509 883 1519 899; x_wconf 92' lang='lat'>‚</span> <span class='ocrx_word' id='word_1_140' title='bbox 1538 853 1625 896; x_wconf 75' lang='lat' dir='ltr'>haec</span> <span class='ocrx_word' id='word_1_141' title='bbox 1639 855 1740 895; x_wconf 70' lang='lat' dir='ltr'>dic&#39;ia</span> 
     </span>
     <span class='ocr_line' id='line_1_15' title="bbox 137 911 337 948; baseline 0 0"><span class='ocrx_word' id='word_1_142' title='bbox 137 911 191 948; x_wconf 81' lang='lat' dir='ltr'>iat</span> <span class='ocrx_word' id='word_1_143' title='bbox 202 919 313 947; x_wconf 84' lang='lat' dir='ltr'>erunt</span> <span class='ocrx_word' id='word_1_144' title='bbox 329 939 337 948; x_wconf 86' lang='lat'><strong><em>.</em></strong></span> 
     </span>
    </p>

    <p class='ocr_par' dir='ltr' id='par_1_4' title="bbox 124 962 1740 1537">
     <span class='ocr_line' id='line_1_16' title="bbox 189 962 1740 1024; baseline 0.002 -18"><span class='ocrx_word' id='word_1_145' title='bbox 189 963 432 1006; x_wconf 88' lang='lat' dir='ltr'>Absoluimus</span> <span class='ocrx_word' id='word_1_146' title='bbox 449 967 520 1006; x_wconf 83' lang='lat' dir='ltr'>iam</span> <span class='ocrx_word' id='word_1_147' title='bbox 537 962 738 1021; x_wconf 84' lang='lat' dir='ltr'>plerasque</span> <span class='ocrx_word' id='word_1_148' title='bbox 748 964 989 1020; x_wconf 77' lang='lat' dir='ltr'>prodigiosas</span> <span class='ocrx_word' id='word_1_149' title='bbox 1003 965 1122 1006; x_wconf 84' lang='lat' dir='ltr'>Vrbis</span> <span class='ocrx_word' id='word_1_150' title='bbox 1139 967 1329 1008; x_wconf 83' lang='lat' dir='ltr'>Rornanae</span> <span class='ocrx_word' id='word_1_151' title='bbox 1340 968 1479 1014; x_wconf 89' lang='lat' dir='ltr'>moles,</span> <span class='ocrx_word' id='word_1_152' title='bbox 1508 983 1740 1024; x_wconf 62' lang='lat' dir='ltr'>eorumque,</span> 
     </span>
     <span class='ocr_line' id='line_1_17' title="bbox 136 1020 1740 1081; baseline 0.004 -20"><span class='ocrx_word' id='word_1_153' title='bbox 136 1020 373 1064; x_wconf 81' lang='lat' dir='ltr'>altitudinem</span> <span class='ocrx_word' id='word_1_154' title='bbox 388 1051 397 1066; x_wconf 89' lang='lat'><strong>‚</strong></span> <span class='ocrx_word' id='word_1_155' title='bbox 418 1024 710 1079; x_wconf 85' lang='lat' dir='ltr'>amplitudinem</span> <span class='ocrx_word' id='word_1_156' title='bbox 725 1052 734 1066; x_wconf 95' lang='lat'><em>‚</em></span> <span class='ocrx_word' id='word_1_157' title='bbox 761 1035 1012 1066; x_wconf 76' lang='lat' dir='ltr'>ornamenta&gt;</span> <span class='ocrx_word' id='word_1_158' title='bbox 1033 1024 1182 1079; x_wconf 84' lang='lat' dir='ltr'>&amp;opes</span> <span class='ocrx_word' id='word_1_159' title='bbox 1208 1024 1561 1071; x_wconf 84' lang='lat' dir='ltr'>considerauimus;</span> <span class='ocrx_word' id='word_1_160' title='bbox 1588 1029 1629 1067; x_wconf 75' lang='grc' dir='ltr'>ἀ</span> <span class='ocrx_word' id='word_1_161' title='bbox 1648 1042 1740 1081; x_wconf 82' lang='lat' dir='ltr'>gau-</span> 
     </span>
     <span class='ocr_line' id='line_1_18' title="bbox 133 1078 1729 1139; baseline 0.001 -18"><span class='ocrx_word' id='word_1_162' title='bbox 133 1078 450 1136; x_wconf 83' lang='lat' dir='ltr'>deinusluceipsa</span> <span class='ocrx_word' id='word_1_163' title='bbox 473 1081 613 1121; x_wconf 87' lang='lat' dir='ltr'>clarius</span> <span class='ocrx_word' id='word_1_164' title='bbox 634 1080 858 1125; x_wconf 74' lang='lat' dir='ltr'>innotuisse,</span> <span class='ocrx_word' id='word_1_165' title='bbox 883 1093 1029 1122; x_wconf 77' lang='lat' dir='ltr'>caetera</span> <span class='ocrx_word' id='word_1_166' title='bbox 1053 1083 1184 1122; x_wconf 87' lang='lat' dir='ltr'>omnia</span> <span class='ocrx_word' id='word_1_167' title='bbox 1200 1081 1324 1123; x_wconf 87' lang='lat' dir='ltr'>Orbis</span> <span class='ocrx_word' id='word_1_168' title='bbox 1335 1084 1558 1139; x_wconf 79' lang='lat' dir='ltr'>prodigiosa</span> <span class='ocrx_word' id='word_1_169' title='bbox 1569 1088 1729 1125; x_wconf 88' lang='lat' dir='ltr'>miracu-</span> 
     </span>
     <span class='ocr_line' id='line_1_19' title="bbox 131 1136 1738 1197; baseline 0.002 -19"><span class='ocrx_word' id='word_1_170' title='bbox 131 1137 170 1178; x_wconf 87' lang='lat' dir='ltr'>la</span> <span class='ocrx_word' id='word_1_171' title='bbox 183 1136 301 1180; x_wconf 76' lang='lat' dir='ltr'>&gt;licet</span> <span class='ocrx_word' id='word_1_172' title='bbox 318 1141 446 1178; x_wconf 90' lang='lat' dir='ltr'>nonin</span> <span class='ocrx_word' id='word_1_173' title='bbox 460 1152 532 1179; x_wconf 91' lang='lat' dir='ltr'>vna</span> <span class='ocrx_word' id='word_1_174' title='bbox 547 1139 710 1179; x_wconf 86' lang='lat' dir='ltr'>ciuitate</span> <span class='ocrx_word' id='word_1_175' title='bbox 725 1160 736 1181; x_wconf 72' lang='lat'><em>2</em></span> <span class='ocrx_word' id='word_1_176' title='bbox 762 1136 822 1178; x_wconf 87' lang='lat' dir='ltr'>seu</span> <span class='ocrx_word' id='word_1_177' title='bbox 840 1142 1044 1192; x_wconf 88' lang='lat' dir='ltr'>prouincia</span> <span class='ocrx_word' id='word_1_178' title='bbox 1058 1139 1301 1183; x_wconf 55' lang='lat' dir='ltr'>constructa,</span> <span class='ocrx_word' id='word_1_179' title='bbox 1331 1139 1396 1180; x_wconf 87' lang='lat' dir='ltr'>sed</span> <span class='ocrx_word' id='word_1_180' title='bbox 1417 1140 1618 1197; x_wconf 82' lang='lat' dir='ltr'>longiffimi</span> <span class='ocrx_word' id='word_1_181' title='bbox 1641 1152 1738 1182; x_wconf 89' lang='lat' dir='ltr'>tem·</span> 
     </span>
     <span class='ocr_line' id='line_1_20' title="bbox 131 1194 1739 1254; baseline 0.002 -19"><span class='ocrx_word' id='word_1_182' title='bbox 131 1195 241 1251; x_wconf 81' lang='lat' dir='ltr'>poris</span> <span class='ocrx_word' id='word_1_183' title='bbox 253 1195 465 1235; x_wconf 85' lang='lat' dir='ltr'>interuallo</span> <span class='ocrx_word' id='word_1_184' title='bbox 478 1218 490 1238; x_wconf 73' lang='lat'><em>,</em></span> <span class='ocrx_word' id='word_1_185' title='bbox 515 1196 554 1235; x_wconf 86' lang='lat'>&amp;</span> <span class='ocrx_word' id='word_1_186' title='bbox 569 1198 687 1235; x_wconf 85' lang='lat' dir='ltr'>totius</span> <span class='ocrx_word' id='word_1_187' title='bbox 701 1194 803 1236; x_wconf 82' lang='lat' dir='ltr'>Afiae</span> <span class='ocrx_word' id='word_1_188' title='bbox 816 1226 826 1240; x_wconf 92' lang='lat'>,</span> <span class='ocrx_word' id='word_1_189' title='bbox 841 1195 988 1236; x_wconf 74' lang='lat' dir='ltr'>Africae</span> <span class='ocrx_word' id='word_1_190' title='bbox 1001 1219 1012 1238; x_wconf 72' lang='lat'><em>2</em></span> <span class='ocrx_word' id='word_1_191' title='bbox 1038 1196 1081 1237; x_wconf 64' lang='grc' dir='ltr'>ἃ</span> <span class='ocrx_word' id='word_1_192' title='bbox 1094 1199 1267 1251; x_wconf 80' lang='lat' dir='ltr'>Europae</span> <span class='ocrx_word' id='word_1_193' title='bbox 1279 1199 1490 1252; x_wconf 73' lang='lat' dir='ltr'>impendiis</span> <span class='ocrx_word' id='word_1_194' title='bbox 1504 1229 1514 1243; x_wconf 92' lang='lat'>,</span> <span class='ocrx_word' id='word_1_195' title='bbox 1536 1213 1622 1254; x_wconf 87' lang='lat' dir='ltr'>quae</span> <span class='ocrx_word' id='word_1_196' title='bbox 1635 1213 1739 1239; x_wconf 81' lang='lat' dir='ltr'>non..</span> 
     </span>
     <span class='ocr_line' id='line_1_21' title="bbox 129 1251 1739 1307; baseline 0.003 -16"><span class='ocrx_word' id='word_1_197' title='bbox 129 1251 250 1293; x_wconf 87' lang='lat' dir='ltr'>modo</span> <span class='ocrx_word' id='word_1_198' title='bbox 263 1251 454 1306; x_wconf 82' lang='lat' dir='ltr'>figillatim</span> <span class='ocrx_word' id='word_1_199' title='bbox 472 1275 483 1295; x_wconf 74' lang='lat'><em>2</em></span> <span class='ocrx_word' id='word_1_200' title='bbox 508 1251 573 1293; x_wconf 85' lang='lat' dir='ltr'>sed</span> <span class='ocrx_word' id='word_1_201' title='bbox 588 1251 785 1293; x_wconf 65' lang='lat' dir='ltr'>collectim</span> <span class='ocrx_word' id='word_1_202' title='bbox 796 1257 908 1293; x_wconf 83' lang='lat' dir='ltr'>etiam</span> <span class='ocrx_word' id='word_1_203' title='bbox 926 1252 1076 1307; x_wconf 87' lang='lat' dir='ltr'>sumpta</span> <span class='ocrx_word' id='word_1_204' title='bbox 1094 1268 1104 1298; x_wconf 68' lang='grc' dir='ltr'>ς</span> <span class='ocrx_word' id='word_1_205' title='bbox 1127 1268 1204 1293; x_wconf 90' lang='lat' dir='ltr'>non</span> <span class='ocrx_word' id='word_1_206' title='bbox 1226 1252 1331 1294; x_wconf 80' lang='lat' dir='ltr'>fuiffe</span> <span class='ocrx_word' id='word_1_207' title='bbox 1344 1254 1590 1297; x_wconf 82' lang='lat' dir='ltr'>nihilominus</span> <span class='ocrx_word' id='word_1_208' title='bbox 1607 1268 1739 1297; x_wconf 59' lang='lat' dir='ltr'>tanta,</span> 
     </span>
     <span class='ocr_line' id='line_1_22' title="bbox 129 1307 1735 1368; baseline 0.002 -19"><span class='ocrx_word' id='word_1_209' title='bbox 129 1311 223 1366; x_wconf 85' lang='lat' dir='ltr'>quin</span> <span class='ocrx_word' id='word_1_210' title='bbox 235 1321 321 1350; x_wconf 86' lang='lat' dir='ltr'>cum</span> <span class='ocrx_word' id='word_1_211' title='bbox 331 1307 408 1349; x_wconf 82' lang='lat' dir='ltr'>sola</span> <span class='ocrx_word' id='word_1_212' title='bbox 420 1309 565 1365; x_wconf 90' lang='lat' dir='ltr'>inclyta</span> <span class='ocrx_word' id='word_1_213' title='bbox 581 1311 710 1350; x_wconf 87' lang='lat' dir='ltr'>Roma</span> <span class='ocrx_word' id='word_1_214' title='bbox 722 1313 945 1366; x_wconf 86' lang='lat' dir='ltr'>comparari</span> <span class='ocrx_word' id='word_1_215' title='bbox 957 1311 1057 1351; x_wconf 90' lang='lat' dir='ltr'>nulla</span> <span class='ocrx_word' id='word_1_216' title='bbox 1069 1315 1222 1351; x_wconf 86' lang='lat' dir='ltr'>ratione</span> <span class='ocrx_word' id='word_1_217' title='bbox 1247 1317 1453 1366; x_wconf 87' lang='lat' dir='ltr'>potuerint</span> <span class='ocrx_word' id='word_1_218' title='bbox 1465 1328 1475 1357; x_wconf 91' lang='lat'>;</span> <span class='ocrx_word' id='word_1_219' title='bbox 1500 1318 1592 1368; x_wconf 91' lang='lat' dir='ltr'>quin</span> <span class='ocrx_word' id='word_1_220' title='bbox 1604 1314 1735 1354; x_wconf 83' lang='lat' dir='ltr'>multis</span> 
     </span>
     <span class='ocr_line' id='line_1_23' title="bbox 127 1367 1737 1425; baseline 0.002 -17"><span class='ocrx_word' id='word_1_221' title='bbox 127 1367 310 1422; x_wconf 80' lang='lat' dir='ltr'>partibus</span> <span class='ocrx_word' id='word_1_222' title='bbox 337 1367 591 1422; x_wconf 82' lang='lat' dir='ltr'>amplitudine</span> <span class='ocrx_word' id='word_1_223' title='bbox 616 1391 626 1410; x_wconf 69' lang='lat'><strong><em>7</em></strong></span> <span class='ocrx_word' id='word_1_224' title='bbox 650 1367 835 1421; x_wconf 86' lang='lat' dir='ltr'>dignitate</span> <span class='ocrx_word' id='word_1_225' title='bbox 857 1397 867 1412; x_wconf 93' lang='lat'>‚</span> <span class='ocrx_word' id='word_1_226' title='bbox 901 1371 1138 1408; x_wconf 87' lang='lat' dir='ltr'>ornamentis</span> <span class='ocrx_word' id='word_1_227' title='bbox 1159 1369 1201 1407; x_wconf 87' lang='lat'><strong>&amp;</strong></span> <span class='ocrx_word' id='word_1_228' title='bbox 1225 1368 1366 1422; x_wconf 86' lang='lat' dir='ltr'>opibus</span> <span class='ocrx_word' id='word_1_229' title='bbox 1393 1369 1623 1425; x_wconf 84' lang='lat' dir='ltr'>superentur</span> <span class='ocrx_word' id='word_1_230' title='bbox 1643 1386 1652 1415; x_wconf 88' lang='lat'>;</span> <span class='ocrx_word' id='word_1_231' title='bbox 1689 1383 1737 1411; x_wconf 84' lang='lat' dir='ltr'>ac</span> 
     </span>
     <span class='ocr_line' id='line_1_24' title="bbox 126 1422 1735 1482; baseline 0.002 -18"><span class='ocrx_word' id='word_1_232' title='bbox 126 1424 220 1467; x_wconf 66' lang='lat' dir='ltr'>illae,</span> <span class='ocrx_word' id='word_1_233' title='bbox 242 1423 360 1464; x_wconf 87' lang='lat' dir='ltr'>veluti</span> <span class='ocrx_word' id='word_1_234' title='bbox 374 1423 508 1466; x_wconf 77' lang='lat' dir='ltr'>faculae</span> <span class='ocrx_word' id='word_1_235' title='bbox 524 1425 700 1480; x_wconf 69' lang='lat' dir='ltr'>quaedani</span> <span class='ocrx_word' id='word_1_236' title='bbox 713 1422 1015 1479; x_wconf 81' lang='lat' dir='ltr'>splendidiffimo</span> <span class='ocrx_word' id='word_1_237' title='bbox 1030 1424 1128 1466; x_wconf 87' lang='lat' dir='ltr'>Solis</span> <span class='ocrx_word' id='word_1_238' title='bbox 1139 1423 1339 1479; x_wconf 88' lang='lat' dir='ltr'>splendori</span> <span class='ocrx_word' id='word_1_239' title='bbox 1362 1426 1561 1482; x_wconf 80' lang='lat' dir='ltr'>oppositae</span> <span class='ocrx_word' id='word_1_240' title='bbox 1575 1457 1584 1472; x_wconf 91' lang='lat'>,</span> <span class='ocrx_word' id='word_1_241' title='bbox 1607 1427 1735 1482; x_wconf 89' lang='lat' dir='ltr'>splen-</span> 
     </span>
     <span class='ocr_line' id='line_1_25' title="bbox 124 1481 1733 1537; baseline 0.001 -14"><span class='ocrx_word' id='word_1_242' title='bbox 124 1482 218 1523; x_wconf 89' lang='lat' dir='ltr'>dere</span> <span class='ocrx_word' id='word_1_243' title='bbox 233 1482 383 1521; x_wconf 75' lang='lat' dir='ltr'>minime</span> <span class='ocrx_word' id='word_1_244' title='bbox 399 1482 622 1522; x_wconf 85' lang='lat' dir='ltr'>videantur.</span> <span class='ocrx_word' id='word_1_245' title='bbox 656 1482 840 1537; x_wconf 74' lang='lat' dir='ltr'>Quaeque</span> <span class='ocrx_word' id='word_1_246' title='bbox 859 1483 1048 1523; x_wconf 81' lang='lat' dir='ltr'>Romanae</span> <span class='ocrx_word' id='word_1_247' title='bbox 1060 1481 1356 1535; x_wconf 78' lang='lat' dir='ltr'>magnificentiae</span> <span class='ocrx_word' id='word_1_248' title='bbox 1384 1485 1608 1525; x_wconf 88' lang='lat' dir='ltr'>admiranda</span> <span class='ocrx_word' id='word_1_249' title='bbox 1622 1488 1733 1525; x_wconf 89' lang='lat' dir='ltr'>Con-</span> 
     </span>
    </p>

    <p class='ocr_par' dir='ltr' id='par_1_5' title="bbox 121 1536 1734 1712">
     <span class='ocr_line' id='line_1_26' title="bbox 121 1536 1734 1600; baseline 0.002 -21"><span class='ocrx_word' id='word_1_250' title='bbox 121 1538 248 1590; x_wconf 83' lang='lat' dir='ltr'>stantij</span> <span class='ocrx_word' id='word_1_251' title='bbox 265 1542 514 1598; x_wconf 85' lang='lat' dir='ltr'>Imperatoris</span> <span class='ocrx_word' id='word_1_252' title='bbox 525 1536 653 1592; x_wconf 89' lang='lat' dir='ltr'>elogio</span> <span class='ocrx_word' id='word_1_253' title='bbox 663 1538 926 1583; x_wconf 87' lang='lat' dir='ltr'>decorantur,</span> <span class='ocrx_word' id='word_1_254' title='bbox 940 1542 1117 1593; x_wconf 85' lang='lat' dir='ltr'>vtinquit</span> <span class='ocrx_word' id='word_1_255' title='bbox 1128 1541 1372 1581; x_wconf 82' lang='lat' dir='ltr'>Ammianus:</span> <span class='ocrx_word' id='word_1_256' title='bbox 1399 1543 1434 1581; x_wconf 82' lang='lat' dir='ltr'>Is</span> <span class='ocrx_word' id='word_1_257' title='bbox 1453 1544 1548 1581; x_wconf 85' lang='lat' dir='ltr'>enim</span> <span class='ocrx_word' id='word_1_258' title='bbox 1562 1542 1734 1600; x_wconf 70' lang='lat' dir='ltr'>vzfisple-</span> 
     </span>
     <span class='ocr_line' id='line_1_27' title="bbox 121 1593 1729 1651; baseline 0.002 -16"><span class='ocrx_word' id='word_1_259' title='bbox 121 1594 243 1650; x_wconf 59' lang='lat' dir='ltr'>risqzte</span> <span class='ocrx_word' id='word_1_260' title='bbox 252 1608 330 1650; x_wconf 78' lang='lat' dir='ltr'>cum</span> <span class='ocrx_word' id='word_1_261' title='bbox 349 1598 494 1648; x_wconf 62' lang='lat' dir='ltr'>stupore</span> <span class='ocrx_word' id='word_1_262' title='bbox 513 1593 696 1636; x_wconf 83' lang='lat' dir='ltr'>horrendo</span> <span class='ocrx_word' id='word_1_263' title='bbox 710 1618 723 1640; x_wconf 83' lang='lat'>‚</span> <span class='ocrx_word' id='word_1_264' title='bbox 742 1595 788 1636; x_wconf 85' lang='lat' dir='ltr'>de</span> <span class='ocrx_word' id='word_1_265' title='bbox 799 1594 908 1650; x_wconf 79' lang='lat' dir='ltr'>fizma</span> <span class='ocrx_word' id='word_1_266' title='bbox 927 1596 1172 1650; x_wconf 83' lang='lat' dir='ltr'>querebatur,</span> <span class='ocrx_word' id='word_1_267' title='bbox 1195 1606 1243 1636; x_wconf 88' lang='lat' dir='ltr'>vt</span> <span class='ocrx_word' id='word_1_268' title='bbox 1259 1598 1428 1638; x_wconf 82' lang='lat' dir='ltr'>inualida</span> <span class='ocrx_word' id='word_1_269' title='bbox 1443 1622 1454 1641; x_wconf 86' lang='lat'>‚</span> <span class='ocrx_word' id='word_1_270' title='bbox 1475 1599 1542 1638; x_wconf 84' lang='lat' dir='ltr'>vel</span> <span class='ocrx_word' id='word_1_271' title='bbox 1551 1601 1729 1651; x_wconf 85' lang='lat' dir='ltr'>mal1&#39;gna;</span> 
     </span>
     <span class='ocr_line' id='line_1_28' title="bbox 121 1652 1727 1712; baseline 0.002 -20"><span class='ocrx_word' id='word_1_272' title='bbox 121 1652 358 1710; x_wconf 80' lang='lat' dir='ltr'>quodaugens</span> <span class='ocrx_word' id='word_1_273' title='bbox 369 1656 491 1696; x_wconf 81' lang='lat' dir='ltr'>omnia</span> <span class='ocrx_word' id='word_1_274' title='bbox 498 1652 643 1708; x_wconf 71' lang='lat' dir='ltr'>fimper</span> <span class='ocrx_word' id='word_1_275' title='bbox 657 1655 848 1709; x_wconf 29' lang='lat' dir='ltr'>in‘maiun</span> <span class='ocrx_word' id='word_1_276' title='bbox 869 1665 952 1707; x_wconf 84' lang='lat' dir='ltr'>erga</span> <span class='ocrx_word' id='word_1_277' title='bbox 961 1652 1289 1710; x_wconf 35' lang='lat' dir='ltr'>haecl&#39;explicanda,</span> <span class='ocrx_word' id='word_1_278' title='bbox 1308 1669 1388 1709; x_wconf 82' lang='lat' dir='ltr'>quae</span> <span class='ocrx_word' id='word_1_279' title='bbox 1404 1653 1646 1712; x_wconf 43' lang='lat' dir='ltr'>Romaefimt„</span> <span class='ocrx_word' id='word_1_280' title='bbox 1664 1656 1727 1696; x_wconf 89' lang='lat' dir='ltr'>ob-</span> 
     </span>
    </p>

    <p class='ocr_par' dir='ltr' id='par_1_6' title="bbox 107 1708 1977 1828">
     <span class='ocr_line' id='line_1_29' title="bbox 107 1708 274 1765; baseline -0.006 -15"><span class='ocrx_word' id='word_1_281' title='bbox 107 1708 274 1765; x_wconf 76' lang='lat' dir='ltr'>filescit.</span> 
     </span>
     <span class='ocr_line' id='line_1_30' title="bbox 127 1767 1977 1828; baseline 0.003 -20"><span class='ocrx_word' id='word_1_282' title='bbox 127 1796 130 1798; x_wconf 91' lang='lat'><em>-</em></span> <span class='ocrx_word' id='word_1_283' title='bbox 179 1769 358 1808; x_wconf 86' lang='lat' dir='ltr'>Diximus</span> <span class='ocrx_word' id='word_1_284' title='bbox 372 1767 421 1808; x_wconf 88' lang='lat' dir='ltr'>de</span> <span class='ocrx_word' id='word_1_285' title='bbox 436 1767 595 1809; x_wconf 81' lang='lat' dir='ltr'>excelsis</span> <span class='ocrx_word' id='word_1_286' title='bbox 611 1768 826 1824; x_wconf 88' lang='lat' dir='ltr'>priscorum</span> <span class='ocrx_word' id='word_1_287' title='bbox 841 1771 1109 1812; x_wconf 86' lang='lat' dir='ltr'>Romanorum</span> <span class='ocrx_word' id='word_1_288' title='bbox 1124 1771 1163 1811; x_wconf 71' lang='grc' dir='ltr'>ὃ(</span> <span class='ocrx_word' id='word_1_289' title='bbox 1177 1770 1339 1812; x_wconf 90' lang='lat' dir='ltr'>aliorum</span> <span class='ocrx_word' id='word_1_290' title='bbox 1357 1772 1508 1828; x_wconf 87' lang='lat' dir='ltr'>Regum</span> <span class='ocrx_word' id='word_1_291' title='bbox 1524 1782 1637 1813; x_wconf 83' lang='lat' dir='ltr'>terrae</span> <span class='ocrx_word' id='word_1_292' title='bbox 1649 1787 1732 1812; x_wconf 86' lang='lat' dir='ltr'>mo-</span> <span class='ocrx_word' id='word_1_293' title='bbox 1765 1786 1877 1823; x_wconf 53' lang='lat' dir='ltr'>mistica</span> <span class='ocrx_word' id='word_1_294' title='bbox 1895 1787 1977 1824; x_wconf 67' lang='lat' dir='ltr'>confi,</span> 
     </span>
    </p>

    <p class='ocr_par' dir='ltr' id='par_1_7' title="bbox 44 1821 1870 2399">
     <span class='ocr_line' id='line_1_31' title="bbox 44 1821 1870 1884; baseline 0.003 -18"><span class='ocrx_word' id='word_1_295' title='bbox 44 1859 46 1861; x_wconf 81' lang='lat'>.</span> <span class='ocrx_word' id='word_1_296' title='bbox 119 1821 220 1866; x_wconf 84' lang='lat' dir='ltr'>libus</span> <span class='ocrx_word' id='word_1_297' title='bbox 235 1848 246 1868; x_wconf 78' lang='lat'>‚</span> <span class='ocrx_word' id='word_1_298' title='bbox 271 1827 313 1866; x_wconf 64' lang='grc' dir='ltr'>ὃς</span> <span class='ocrx_word' id='word_1_299' title='bbox 328 1835 453 1866; x_wconf 83' lang='lat' dir='ltr'>tamen</span> <span class='ocrx_word' id='word_1_300' title='bbox 467 1826 519 1866; x_wconf 83' lang='lat' dir='ltr'>de</span> <span class='ocrx_word' id='word_1_301' title='bbox 535 1826 593 1867; x_wconf 86' lang='lat' dir='ltr'>his</span> <span class='ocrx_word' id='word_1_302' title='bbox 611 1830 673 1867; x_wconf 82' lang='lat' dir='ltr'>vix</span> <span class='ocrx_word' id='word_1_303' title='bbox 684 1827 852 1869; x_wconf 84' lang='lat' dir='ltr'>modicae</span> <span class='ocrx_word' id='word_1_304' title='bbox 864 1827 1034 1883; x_wconf 76' lang='lat' dir='ltr'>reliquiae</span> <span class='ocrx_word' id='word_1_305' title='bbox 1056 1827 1102 1869; x_wconf 79' lang='lat' dir='ltr'>ad</span> <span class='ocrx_word' id='word_1_306' title='bbox 1117 1827 1284 1883; x_wconf 83' lang='lat' dir='ltr'>praesens</span> <span class='ocrx_word' id='word_1_307' title='bbox 1299 1842 1520 1872; x_wconf 85' lang='lat' dir='ltr'>remanent:</span> <span class='ocrx_word' id='word_1_308' title='bbox 1536 1844 1734 1884; x_wconf 65' lang='lat' dir='ltr'>quorum</span> <span class='ocrx_word' id='word_1_309' title='bbox 1752 1834 1850 1854; x_wconf 51' lang='grc' dir='ltr'>’ΨΜ</span> <span class='ocrx_word' id='word_1_310' title='bbox 1862 1847 1870 1856; x_wconf 91' lang='grc'><em>·</em></span> 
     </span>
     <span class='ocr_line' id='line_1_32' title="bbox 119 1883 1733 1942; baseline 0.001 -19"><span class='ocrx_word' id='word_1_311' title='bbox 119 1884 277 1939; x_wconf 85' lang='lat' dir='ltr'>quidem</span> <span class='ocrx_word' id='word_1_312' title='bbox 289 1886 462 1937; x_wconf 89' lang='lat' dir='ltr'>priorum</span> <span class='ocrx_word' id='word_1_313' title='bbox 474 1894 591 1925; x_wconf 82' lang='lat' dir='ltr'>terrae</span> <span class='ocrx_word' id='word_1_314' title='bbox 605 1887 818 1926; x_wconf 89' lang='lat' dir='ltr'>incolarum</span> <span class='ocrx_word' id='word_1_315' title='bbox 839 1883 1045 1940; x_wconf 87' lang='lat' dir='ltr'>superbam</span> <span class='ocrx_word' id='word_1_316' title='bbox 1068 1897 1275 1941; x_wconf 86' lang='lat' dir='ltr'>perpetuae</span> <span class='ocrx_word' id='word_1_317' title='bbox 1290 1886 1430 1942; x_wconf 77' lang='lat' dir='ltr'>&#39;gloriae</span> <span class='ocrx_word' id='word_1_318' title='bbox 1456 1887 1733 1942; x_wconf 59' lang='lat' dir='ltr'>praesumptio-</span> 
     </span>
     <span class='ocr_line' id='line_1_33' title="bbox 119 1940 1726 1997; baseline -0.001 -15"><span class='ocrx_word' id='word_1_319' title='bbox 119 1953 204 1982; x_wconf 86' lang='lat' dir='ltr'>nem</span> <span class='ocrx_word' id='word_1_320' title='bbox 220 1940 511 1995; x_wconf 83' lang='lat' dir='ltr'>reprehendere</span> <span class='ocrx_word' id='word_1_321' title='bbox 526 1942 683 1982; x_wconf 86' lang='lat' dir='ltr'>videtur</span> <span class='ocrx_word' id='word_1_322' title='bbox 704 1944 850 1997; x_wconf 86' lang='lat' dir='ltr'>Regius</span> <span class='ocrx_word' id='word_1_323' title='bbox 863 1942 1065 1996; x_wconf 86' lang='lat' dir='ltr'>Propheta</span> <span class='ocrx_word' id='word_1_324' title='bbox 1085 1943 1290 1991; x_wconf 88' lang='lat' dir='ltr'>Psalm.48.</span> <span class='ocrx_word' id='word_1_325' title='bbox 1306 1946 1400 1984; x_wconf 82' lang='lat' dir='ltr'>veri.</span> <span class='ocrx_word' id='word_1_326' title='bbox 1419 1957 1478 1985; x_wconf 91' lang='lat'>12.</span> <span class='ocrx_word' id='word_1_327' title='bbox 1492 1943 1546 1983; x_wconf 86' lang='lat' dir='ltr'>ibi</span> <span class='ocrx_word' id='word_1_328' title='bbox 1562 1957 1570 1981; x_wconf 86' lang='lat'><strong>:</strong></span> <span class='ocrx_word' id='word_1_329' title='bbox 1596 1943 1726 1994; x_wconf 83' lang='lat' dir='ltr'>Sepul-</span> 
     </span>
     <span class='ocr_line' id='line_1_34' title="bbox 118 1998 1728 2052; baseline 0.001 -14"><span class='ocrx_word' id='word_1_330' title='bbox 118 2011 181 2039; x_wconf 88' lang='lat' dir='ltr'>cra</span> <span class='ocrx_word' id='word_1_331' title='bbox 192 2012 314 2038; x_wconf 81' lang='lat' dir='ltr'>eorum</span> <span class='ocrx_word' id='word_1_332' title='bbox 325 1998 603 2039; x_wconf 77' lang='lat' dir='ltr'>dommillormn</span> <span class='ocrx_word' id='word_1_333' title='bbox 616 2002 656 2038; x_wconf 87' lang='lat' dir='ltr'>in</span> <span class='ocrx_word' id='word_1_334' title='bbox 675 2009 847 2041; x_wconf 70' lang='lat' dir='ltr'>aternum</span> <span class='ocrx_word' id='word_1_335' title='bbox 860 2031 869 2040; x_wconf 89' lang='lat'><strong>.</strong></span> <span class='ocrx_word' id='word_1_336' title='bbox 898 1999 1158 2040; x_wconf 76' lang='lat' dir='ltr'>Tabernacula</span> <span class='ocrx_word' id='word_1_337' title='bbox 1169 2012 1292 2038; x_wconf 84' lang='lat' dir='ltr'>eorum</span> <span class='ocrx_word' id='word_1_338' title='bbox 1316 2002 1355 2039; x_wconf 87' lang='lat' dir='ltr'>in</span> <span class='ocrx_word' id='word_1_339' title='bbox 1373 2002 1546 2052; x_wconf 84' lang='lat' dir='ltr'>progenie</span> <span class='ocrx_word' id='word_1_340' title='bbox 1567 1999 1616 2042; x_wconf 56' lang='grc' dir='ltr'>ὅ)</span> <span class='ocrx_word' id='word_1_341' title='bbox 1637 2010 1728 2051; x_wconf 84' lang='lat' dir='ltr'>pro-</span> 
     </span>
     <span class='ocr_line' id='line_1_35' title="bbox 112 2054 1728 2111; baseline 0.001 -16"><span class='ocrx_word' id='word_1_342' title='bbox 112 2058 216 2109; x_wconf 86' lang='lat' dir='ltr'>genie</span> <span class='ocrx_word' id='word_1_343' title='bbox 226 2069 239 2094; x_wconf 83' lang='lat'><em>:</em></span> <span class='ocrx_word' id='word_1_344' title='bbox 257 2065 485 2095; x_wconf 74' lang='lat' dir='ltr'>vomuerunt</span> <span class='ocrx_word' id='word_1_345' title='bbox 499 2059 648 2096; x_wconf 87' lang='lat' dir='ltr'>nomina</span> <span class='ocrx_word' id='word_1_346' title='bbox 651 2055 724 2110; x_wconf 67' lang='lat' dir='ltr'>fita</span> <span class='ocrx_word' id='word_1_347' title='bbox 734 2059 773 2095; x_wconf 87' lang='lat' dir='ltr'>in</span> <span class='ocrx_word' id='word_1_348' title='bbox 785 2058 893 2095; x_wconf 83' lang='lat' dir='ltr'>terris</span> <span class='ocrx_word' id='word_1_349' title='bbox 895 2055 994 2109; x_wconf 73' lang='lat' dir='ltr'>fitis.</span> <span class='ocrx_word' id='word_1_350' title='bbox 1029 2054 1102 2094; x_wconf 90' lang='lat' dir='ltr'>Vel</span> <span class='ocrx_word' id='word_1_351' title='bbox 1116 2084 1124 2098; x_wconf 94' lang='lat'>‚</span> <span class='ocrx_word' id='word_1_352' title='bbox 1139 2065 1180 2094; x_wconf 86' lang='lat' dir='ltr'>vt</span> <span class='ocrx_word' id='word_1_353' title='bbox 1199 2055 1460 2111; x_wconf 87' lang='lat' dir='ltr'>Hieronymus</span> <span class='ocrx_word' id='word_1_354' title='bbox 1473 2059 1612 2098; x_wconf 88' lang='lat' dir='ltr'>vertit:</span> <span class='ocrx_word' id='word_1_355' title='bbox 1642 2058 1728 2097; x_wconf 87' lang='lat' dir='ltr'>Vo-</span> 
     </span>
     <span class='ocr_line' id='line_1_36' title="bbox 119 2110 1729 2169; baseline 0.001 -16"><span class='ocrx_word' id='word_1_356' title='bbox 119 2123 306 2153; x_wconf 88' lang='lat' dir='ltr'>cauerunt</span> <span class='ocrx_word' id='word_1_357' title='bbox 318 2112 538 2152; x_wconf 88' lang='lat' dir='ltr'>nominibus</span> <span class='ocrx_word' id='word_1_358' title='bbox 553 2110 623 2152; x_wconf 89' lang='lat' dir='ltr'>suis</span> <span class='ocrx_word' id='word_1_359' title='bbox 636 2124 756 2152; x_wconf 87' lang='lat' dir='ltr'>terras</span> <span class='ocrx_word' id='word_1_360' title='bbox 770 2112 871 2152; x_wconf 83' lang='lat' dir='ltr'>suas:</span> <span class='ocrx_word' id='word_1_361' title='bbox 895 2112 1000 2165; x_wconf 87' lang='lat' dir='ltr'>quasi</span> <span class='ocrx_word' id='word_1_362' title='bbox 1017 2111 1141 2152; x_wconf 90' lang='lat' dir='ltr'>dicat:</span> <span class='ocrx_word' id='word_1_363' title='bbox 1181 2110 1379 2165; x_wconf 81' lang='lat' dir='ltr'>sperantes</span> <span class='ocrx_word' id='word_1_364' title='bbox 1393 2124 1587 2169; x_wconf 89' lang='lat' dir='ltr'>perpetua</span> <span class='ocrx_word' id='word_1_365' title='bbox 1603 2113 1729 2154; x_wconf 88' lang='lat' dir='ltr'>homi-</span> 
     </span>
     <span class='ocr_line' id='line_1_37' title="bbox 117 2167 1727 2225; baseline 0.001 -15"><span class='ocrx_word' id='word_1_366' title='bbox 117 2181 207 2210; x_wconf 88' lang='lat' dir='ltr'>num</span> <span class='ocrx_word' id='word_1_367' title='bbox 221 2172 404 2209; x_wconf 86' lang='lat' dir='ltr'>memoria</span> <span class='ocrx_word' id='word_1_368' title='bbox 425 2168 533 2223; x_wconf 79' lang='lat' dir='ltr'>posse</span> <span class='ocrx_word' id='word_1_369' title='bbox 553 2182 804 2223; x_wconf 89' lang='lat' dir='ltr'>permanere;</span> <span class='ocrx_word' id='word_1_370' title='bbox 832 2172 987 2209; x_wconf 88' lang='lat' dir='ltr'>nomina</span> <span class='ocrx_word' id='word_1_371' title='bbox 1006 2168 1068 2209; x_wconf 90' lang='lat' dir='ltr'>sua</span> <span class='ocrx_word' id='word_1_372' title='bbox 1088 2167 1355 2224; x_wconf 89' lang='lat' dir='ltr'>imposuerunt</span> <span class='ocrx_word' id='word_1_373' title='bbox 1375 2173 1486 2211; x_wconf 80' lang='lat' dir='ltr'>t&#39;erris</span> <span class='ocrx_word' id='word_1_374' title='bbox 1513 2170 1608 2214; x_wconf 78' lang='lat' dir='ltr'>suis,</span> <span class='ocrx_word' id='word_1_375' title='bbox 1633 2185 1727 2225; x_wconf 90' lang='lat' dir='ltr'>quas</span> 
     </span>
     <span class='ocr_line' id='line_1_38' title="bbox 115 2224 1728 2281; baseline 0.002 -15"><span class='ocrx_word' id='word_1_376' title='bbox 115 2225 300 2266; x_wconf 82' lang='lat' dir='ltr'>videlicet</span> <span class='ocrx_word' id='word_1_377' title='bbox 310 2236 420 2267; x_wconf 88' lang='lat' dir='ltr'>antea</span> <span class='ocrx_word' id='word_1_378' title='bbox 433 2225 700 2266; x_wconf 85' lang='lat' dir='ltr'>condiderant</span> <span class='ocrx_word' id='word_1_379' title='bbox 711 2240 724 2265; x_wconf 91' lang='lat'>.·</span> <span class='ocrx_word' id='word_1_380' title='bbox 753 2224 833 2267; x_wconf 83' lang='lat' dir='ltr'>falfi</span> <span class='ocrx_word' id='word_1_381' title='bbox 846 2236 971 2266; x_wconf 89' lang='lat' dir='ltr'>tamen</span> <span class='ocrx_word' id='word_1_382' title='bbox 984 2256 995 2271; x_wconf 94' lang='lat'>,</span> <span class='ocrx_word' id='word_1_383' title='bbox 1009 2227 1251 2281; x_wconf 86' lang='lat' dir='ltr'>deceptique</span> <span class='ocrx_word' id='word_1_384' title='bbox 1269 2230 1427 2268; x_wconf 89' lang='lat' dir='ltr'>omnino</span> <span class='ocrx_word' id='word_1_385' title='bbox 1439 2227 1538 2269; x_wconf 88' lang='lat' dir='ltr'>sunt:</span> <span class='ocrx_word' id='word_1_386' title='bbox 1573 2242 1659 2269; x_wconf 86' lang='lat' dir='ltr'>cum</span> <span class='ocrx_word' id='word_1_387' title='bbox 1672 2233 1728 2269; x_wconf 90' lang='lat' dir='ltr'>ci-</span> 
     </span>
     <span class='ocr_line' id='line_1_39' title="bbox 115 2282 1727 2341; baseline 0.001 -17"><span class='ocrx_word' id='word_1_388' title='bbox 115 2286 275 2326; x_wconf 78' lang='lat' dir='ltr'>uitates,</span> <span class='ocrx_word' id='word_1_389' title='bbox 302 2282 465 2337; x_wconf 86' lang='lat' dir='ltr'>palatia,</span> <span class='ocrx_word' id='word_1_390' title='bbox 486 2282 751 2324; x_wconf 87' lang='lat' dir='ltr'>habitationes</span> <span class='ocrx_word' id='word_1_391' title='bbox 771 2282 995 2338; x_wconf 84' lang='lat' dir='ltr'>magnificas</span> <span class='ocrx_word' id='word_1_392' title='bbox 1019 2284 1103 2334; x_wconf 87' lang='lat' dir='ltr'>alijs</span> <span class='ocrx_word' id='word_1_393' title='bbox 1123 2283 1355 2326; x_wconf 82' lang='lat' dir='ltr'>habitandas</span> <span class='ocrx_word' id='word_1_394' title='bbox 1374 2286 1625 2341; x_wconf 86' lang='lat' dir='ltr'>reliquerint;</span> <span class='ocrx_word' id='word_1_395' title='bbox 1658 2287 1727 2328; x_wconf 85' lang='lat' dir='ltr'>sibi</span> 
     </span>
     <span class='ocr_line' id='line_1_40' title="bbox 115 2339 1726 2399; baseline 0.001 -17"><span class='ocrx_word' id='word_1_396' title='bbox 115 2339 202 2396; x_wconf 83' lang='lat' dir='ltr'>ipsis</span> <span class='ocrx_word' id='word_1_397' title='bbox 219 2342 422 2381; x_wconf 89' lang='lat' dir='ltr'>domorum</span> <span class='ocrx_word' id='word_1_398' title='bbox 437 2370 447 2385; x_wconf 94' lang='lat'><em>‚</em></span> <span class='ocrx_word' id='word_1_399' title='bbox 473 2354 519 2382; x_wconf 86' lang='lat' dir='ltr'>ac</span> <span class='ocrx_word' id='word_1_400' title='bbox 533 2340 873 2383; x_wconf 87' lang='lat' dir='ltr'>tabernaculorum</span> <span class='ocrx_word' id='word_1_401' title='bbox 887 2343 976 2381; x_wconf 83' lang='lat' dir='ltr'>vice</span> <span class='ocrx_word' id='word_1_402' title='bbox 987 2339 1102 2382; x_wconf 92' lang='lat' dir='ltr'>solum</span> <span class='ocrx_word' id='word_1_403' title='bbox 1115 2341 1305 2396; x_wconf 84' lang='lat' dir='ltr'>obtigerit</span> <span class='ocrx_word' id='word_1_404' title='bbox 1314 2341 1532 2397; x_wconf 87' lang='lat' dir='ltr'>sepulcrum</span> <span class='ocrx_word' id='word_1_405' title='bbox 1545 2373 1554 2389; x_wconf 94' lang='lat'>,</span> <span class='ocrx_word' id='word_1_406' title='bbox 1583 2347 1619 2383; x_wconf 91' lang='lat' dir='ltr'>in</span> <span class='ocrx_word' id='word_1_407' title='bbox 1646 2358 1726 2399; x_wconf 88' lang='lat' dir='ltr'>quo</span> 
     </span>
    </p>

    <p class='ocr_par' dir='ltr' id='par_1_8' title="bbox 53 2396 1786 2685">
     <span class='ocr_line' id='line_1_41' title="bbox 53 2396 1786 2456; baseline 0.001 -18"><span class='ocrx_word' id='word_1_408' title='bbox 53 2401 67 2409; x_wconf 79' lang='lat'>⁴</span> <span class='ocrx_word' id='word_1_409' title='bbox 115 2399 451 2455; x_wconf 81' lang='lat' dir='ltr'>permanebuntin</span> <span class='ocrx_word' id='word_1_410' title='bbox 461 2398 577 2454; x_wconf 87' lang='lat' dir='ltr'>longa</span> <span class='ocrx_word' id='word_1_411' title='bbox 591 2396 747 2442; x_wconf 74' lang='lat' dir='ltr'>saecula,</span> <span class='ocrx_word' id='word_1_412' title='bbox 765 2398 894 2439; x_wconf 87' lang='lat' dir='ltr'>donec</span> <span class='ocrx_word' id='word_1_413' title='bbox 907 2397 1208 2440; x_wconf 86' lang='lat' dir='ltr'>succedentibus</span> <span class='ocrx_word' id='word_1_414' title='bbox 1223 2401 1327 2451; x_wconf 87' lang='lat' dir='ltr'>alijs,</span> <span class='ocrx_word' id='word_1_415' title='bbox 1350 2400 1392 2440; x_wconf 74' lang='grc' dir='ltr'>δι’.</span> <span class='ocrx_word' id='word_1_416' title='bbox 1406 2399 1486 2451; x_wconf 84' lang='lat' dir='ltr'>alijs</span> <span class='ocrx_word' id='word_1_417' title='bbox 1499 2403 1724 2456; x_wconf 81' lang='lat' dir='ltr'>generatio·</span> <span class='ocrx_word' id='word_1_418' title='bbox 1784 2424 1786 2426; x_wconf 37' lang='lat' dir='ltr'>v</span> 
     </span>
     <span class='ocr_line' id='line_1_42' title="bbox 116 2455 1722 2501; baseline 0.001 -4"><span class='ocrx_word' id='word_1_419' title='bbox 116 2455 230 2497; x_wconf 78' lang='lat' dir='ltr'>nibus</span> <span class='ocrx_word' id='word_1_420' title='bbox 245 2479 255 2499; x_wconf 69' lang='lat'><em>2</em></span> <span class='ocrx_word' id='word_1_421' title='bbox 282 2460 479 2497; x_wconf 90' lang='lat' dir='ltr'>nominum</span> <span class='ocrx_word' id='word_1_422' title='bbox 492 2471 628 2497; x_wconf 89' lang='lat' dir='ltr'>eorum</span> <span class='ocrx_word' id='word_1_423' title='bbox 642 2460 824 2501; x_wconf 82' lang='lat' dir='ltr'>memoria</span> <span class='ocrx_word' id='word_1_424' title='bbox 838 2461 998 2498; x_wconf 87' lang='lat' dir='ltr'>omnino</span> <span class='ocrx_word' id='word_1_425' title='bbox 1011 2456 1213 2497; x_wconf 86' lang='lat' dir='ltr'>aboleatur</span> <span class='ocrx_word' id='word_1_426' title='bbox 1225 2458 1266 2498; x_wconf 87' lang='lat'>&amp;</span> <span class='ocrx_word' id='word_1_427' title='bbox 1280 2456 1500 2499; x_wconf 88' lang='lat' dir='ltr'>euanescat.</span> <span class='ocrx_word' id='word_1_428' title='bbox 1532 2458 1629 2499; x_wconf 83' lang='lat' dir='ltr'>Illud</span> <span class='ocrx_word' id='word_1_429' title='bbox 1656 2473 1722 2499; x_wconf 90' lang='lat' dir='ltr'>au-</span> 
     </span>
     <span class='ocr_line' id='line_1_43' title="bbox 116 2513 1721 2571; baseline 0.001 -17"><span class='ocrx_word' id='word_1_430' title='bbox 116 2522 193 2555; x_wconf 87' lang='lat' dir='ltr'>tem</span> <span class='ocrx_word' id='word_1_431' title='bbox 207 2517 392 2555; x_wconf 86' lang='lat' dir='ltr'>memoria</span> <span class='ocrx_word' id='word_1_432' title='bbox 407 2513 574 2568; x_wconf 86' lang='lat' dir='ltr'>dignum,</span> <span class='ocrx_word' id='word_1_433' title='bbox 583 2513 693 2570; x_wconf 90' lang='lat' dir='ltr'>quod</span> <span class='ocrx_word' id='word_1_434' title='bbox 705 2528 790 2555; x_wconf 89' lang='lat' dir='ltr'>cum</span> <span class='ocrx_word' id='word_1_435' title='bbox 804 2525 880 2554; x_wconf 89' lang='lat' dir='ltr'>tam</span> <span class='ocrx_word' id='word_1_436' title='bbox 893 2513 1068 2556; x_wconf 88' lang='lat' dir='ltr'>celebres</span> <span class='ocrx_word' id='word_1_437' title='bbox 1081 2515 1123 2554; x_wconf 76' lang='grc' dir='ltr'>ὃ(</span> <span class='ocrx_word' id='word_1_438' title='bbox 1136 2515 1305 2556; x_wconf 84' lang='lat' dir='ltr'>excelsas</span> <span class='ocrx_word' id='word_1_439' title='bbox 1319 2513 1444 2555; x_wconf 89' lang='lat' dir='ltr'>sacras</span> <span class='ocrx_word' id='word_1_440' title='bbox 1456 2515 1559 2556; x_wconf 83' lang='lat' dir='ltr'>aedes</span> <span class='ocrx_word' id='word_1_441' title='bbox 1574 2516 1721 2571; x_wconf 90' lang='lat' dir='ltr'>vbique</span> 
     </span>
     <span class='ocr_line' id='line_1_44' title="bbox 115 2569 1718 2629; baseline 0.002 -19"><span class='ocrx_word' id='word_1_442' title='bbox 115 2569 295 2613; x_wconf 80' lang='lat' dir='ltr'>locorum</span> <span class='ocrx_word' id='word_1_443' title='bbox 306 2572 470 2626; x_wconf 83' lang='lat' dir='ltr'>Magnus</span> <span class='ocrx_word' id='word_1_444' title='bbox 482 2572 758 2613; x_wconf 89' lang='lat' dir='ltr'>Constantinus</span> <span class='ocrx_word' id='word_1_445' title='bbox 769 2575 953 2616; x_wconf 83' lang='lat' dir='ltr'>erexerit;</span> <span class='ocrx_word' id='word_1_446' title='bbox 965 2575 1001 2611; x_wconf 92' lang='lat' dir='ltr'>in</span> <span class='ocrx_word' id='word_1_447' title='bbox 1015 2572 1119 2611; x_wconf 88' lang='lat' dir='ltr'>nulla</span> <span class='ocrx_word' id='word_1_448' title='bbox 1134 2571 1298 2627; x_wconf 87' lang='lat' dir='ltr'>ipsarum</span> <span class='ocrx_word' id='word_1_449' title='bbox 1311 2573 1426 2619; x_wconf 86' lang='lat' dir='ltr'>mode</span> <span class='ocrx_word' id='word_1_450' title='bbox 1434 2570 1605 2615; x_wconf 83' lang='lat' dir='ltr'>stiffimus</span> <span class='ocrx_word' id='word_1_451' title='bbox 1621 2577 1718 2629; x_wconf 89' lang='lat' dir='ltr'>Imp.</span> 
     </span>
     <span class='ocr_line' id='line_1_45' title="bbox 117 2624 1719 2685; baseline 0.004 -19"><span class='ocrx_word' id='word_1_452' title='bbox 117 2625 340 2669; x_wconf 83' lang='lat' dir='ltr'>suinominis</span> <span class='ocrx_word' id='word_1_453' title='bbox 351 2624 501 2670; x_wconf 84' lang='lat' dir='ltr'>titulum</span> <span class='ocrx_word' id='word_1_454' title='bbox 514 2627 729 2683; x_wconf 80' lang='lat' dir='ltr'>insculpiffe</span> <span class='ocrx_word' id='word_1_455' title='bbox 740 2633 978 2681; x_wconf 85' lang='lat' dir='ltr'>reperiatur;</span> <span class='ocrx_word' id='word_1_456' title='bbox 1004 2626 1068 2668; x_wconf 92' lang='lat' dir='ltr'>sed</span> <span class='ocrx_word' id='word_1_457' title='bbox 1089 2627 1379 2683; x_wconf 81' lang='lat' dir='ltr'>contempfiffe,</span> <span class='ocrx_word' id='word_1_458' title='bbox 1402 2629 1511 2685; x_wconf 90' lang='lat' dir='ltr'>quod</span> <span class='ocrx_word' id='word_1_459' title='bbox 1533 2629 1719 2672; x_wconf 89' lang='lat' dir='ltr'>Traianus</span> 
     </span>
    </p>

    <p class='ocr_par' dir='ltr' id='par_1_9' title="bbox 42 2670 1717 2911">
     <span class='ocr_line' id='line_1_46' title="bbox 42 2670 1717 2742; baseline 0.002 -18"><span class='ocrx_word' id='word_1_460' title='bbox 42 2670 92 2724; x_wconf 86' lang='lat' dir='ltr'>D</span> <span class='ocrx_word' id='word_1_461' title='bbox 119 2684 161 2725; x_wconf 73' lang='grc' dir='ltr'>δε</span> <span class='ocrx_word' id='word_1_462' title='bbox 179 2684 243 2735; x_wconf 74' lang='lat' dir='ltr'>aiij</span> <span class='ocrx_word' id='word_1_463' title='bbox 261 2697 346 2726; x_wconf 86' lang='lat' dir='ltr'>ante</span> <span class='ocrx_word' id='word_1_464' title='bbox 360 2701 444 2726; x_wconf 90' lang='lat' dir='ltr'>eum</span> <span class='ocrx_word' id='word_1_465' title='bbox 458 2690 718 2741; x_wconf 83' lang='lat' dir='ltr'>Imperatores</span> <span class='ocrx_word' id='word_1_466' title='bbox 734 2700 872 2740; x_wconf 82' lang='lat' dir='ltr'>magno</span> <span class='ocrx_word' id='word_1_467' title='bbox 887 2685 1012 2725; x_wconf 87' lang='lat' dir='ltr'>studio</span> <span class='ocrx_word' id='word_1_468' title='bbox 1029 2684 1284 2731; x_wconf 69' lang='lat' dir='ltr'>affestaffent,</span> <span class='ocrx_word' id='word_1_469' title='bbox 1303 2687 1347 2727; x_wconf 85' lang='lat'>&amp;</span> <span class='ocrx_word' id='word_1_470' title='bbox 1372 2691 1411 2728; x_wconf 89' lang='lat' dir='ltr'>in</span> <span class='ocrx_word' id='word_1_471' title='bbox 1439 2685 1589 2742; x_wconf 79' lang='lat' dir='ltr'>singulis</span> <span class='ocrx_word' id='word_1_472' title='bbox 1613 2688 1633 2728; x_wconf 71' lang='lat' dir='ltr'>a</span> <span class='ocrx_word' id='word_1_473' title='bbox 1652 2687 1717 2731; x_wconf 65' lang='lat' dir='ltr'>se,</span> 
     </span>
     <span class='ocr_line' id='line_1_47' title="bbox 118 2740 1715 2800; baseline 0.002 -18"><span class='ocrx_word' id='word_1_474' title='bbox 118 2742 257 2782; x_wconf 71' lang='lat' dir='ltr'>erestis</span> <span class='ocrx_word' id='word_1_475' title='bbox 272 2744 460 2796; x_wconf 86' lang='lat' dir='ltr'>operibus</span> <span class='ocrx_word' id='word_1_476' title='bbox 476 2757 617 2784; x_wconf 88' lang='lat' dir='ltr'>nomen</span> <span class='ocrx_word' id='word_1_477' title='bbox 636 2740 738 2783; x_wconf 88' lang='lat' dir='ltr'>suum</span> <span class='ocrx_word' id='word_1_478' title='bbox 759 2741 968 2783; x_wconf 81' lang='lat' dir='ltr'>affixiffent</span> <span class='ocrx_word' id='word_1_479' title='bbox 981 2766 992 2786; x_wconf 77' lang='lat'>‚</span> <span class='ocrx_word' id='word_1_480' title='bbox 1015 2742 1124 2798; x_wconf 85' lang='lat' dir='ltr'>quod</span> <span class='ocrx_word' id='word_1_481' title='bbox 1143 2743 1246 2784; x_wconf 88' lang='lat' dir='ltr'>idem</span> <span class='ocrx_word' id='word_1_482' title='bbox 1269 2744 1543 2786; x_wconf 89' lang='lat' dir='ltr'>Constantinus</span> <span class='ocrx_word' id='word_1_483' title='bbox 1565 2744 1715 2800; x_wconf 77' lang='lat' dir='ltr'>lepide,</span> 
     </span>
     <span class='ocr_line' id='line_1_48' title="bbox 115 2798 1712 2856; baseline 0.001 -16"><span class='ocrx_word' id='word_1_484' title='bbox 115 2801 217 2840; x_wconf 83' lang='lat' dir='ltr'>dixit</span> <span class='ocrx_word' id='word_1_485' title='bbox 230 2798 302 2838; x_wconf 76' lang='lat' dir='ltr'>esse</span> <span class='ocrx_word' id='word_1_486' title='bbox 317 2803 361 2838; x_wconf 90' lang='lat' dir='ltr'>H</span> <span class='ocrx_word' id='word_1_487' title='bbox 363 2800 746 2853; x_wconf 61' lang='lat' dir='ltr'>erbamparietinam‚</span> <span class='ocrx_word' id='word_1_488' title='bbox 757 2811 799 2841; x_wconf 92' lang='lat' dir='ltr'>vt</span> <span class='ocrx_word' id='word_1_489' title='bbox 814 2815 863 2841; x_wconf 81' lang='lat' dir='ltr'>ex</span> <span class='ocrx_word' id='word_1_490' title='bbox 878 2800 1039 2841; x_wconf 88' lang='lat' dir='ltr'>Aurelio</span> <span class='ocrx_word' id='word_1_491' title='bbox 1058 2803 1094 2843; x_wconf 88' lang='lat' dir='ltr'>V</span> <span class='ocrx_word' id='word_1_492' title='bbox 1098 2801 1223 2842; x_wconf 71' lang='lat' dir='ltr'>istore</span> <span class='ocrx_word' id='word_1_493' title='bbox 1243 2801 1362 2843; x_wconf 88' lang='lat' dir='ltr'>refert</span> <span class='ocrx_word' id='word_1_494' title='bbox 1383 2803 1528 2844; x_wconf 84' lang='lat' dir='ltr'>Baron.</span> <span class='ocrx_word' id='word_1_495' title='bbox 1546 2816 1603 2843; x_wconf 89' lang='lat' dir='ltr'>an.</span> <span class='ocrx_word' id='word_1_496' title='bbox 1617 2815 1712 2856; x_wconf 84' lang='lat'>324.</span> 
     </span>
     <span class='ocr_line' id='line_1_49' title="bbox 117 2856 548 2911; baseline 0.002 -13"><span class='ocrx_word' id='word_1_497' title='bbox 117 2856 185 2898; x_wconf 88' lang='lat' dir='ltr'>vbi</span> <span class='ocrx_word' id='word_1_498' title='bbox 200 2857 352 2911; x_wconf 74' lang='lat' dir='ltr'>Spond.</span> <span class='ocrx_word' id='word_1_499' title='bbox 367 2871 466 2897; x_wconf 88' lang='lat' dir='ltr'>num.</span> <span class='ocrx_word' id='word_1_500' title='bbox 482 2871 548 2899; x_wconf 91' lang='lat'>22.</span> 
     </span>
    </p>

    <p class='ocr_par' dir='ltr' id='par_1_10' title="bbox 107 2915 1717 3201">
     <span class='ocr_line' id='line_1_50' title="bbox 175 2915 1714 2972; baseline 0.003 -17"><span class='ocrx_word' id='word_1_501' title='bbox 175 2915 357 2969; x_wconf 73' lang='lat' dir='ltr'>Egregius</span> <span class='ocrx_word' id='word_1_502' title='bbox 370 2916 461 2954; x_wconf 73' lang='lat' dir='ltr'>inde</span> <span class='ocrx_word' id='word_1_503' title='bbox 473 2916 609 2956; x_wconf 53' lang='lat' dir='ltr'>audior</span> <span class='ocrx_word' id='word_1_504' title='bbox 620 2917 766 2970; x_wconf 85' lang='lat' dir='ltr'>Regem</span> <span class='ocrx_word' id='word_1_505' title='bbox 782 2929 940 2957; x_wconf 86' lang='lat' dir='ltr'>monens</span> <span class='ocrx_word' id='word_1_506' title='bbox 957 2915 1008 2956; x_wconf 85' lang='lat' dir='ltr'>fic</span> <span class='ocrx_word' id='word_1_507' title='bbox 1023 2917 1168 2972; x_wconf 88' lang='lat' dir='ltr'>inquit:</span> <span class='ocrx_word' id='word_1_508' title='bbox 1192 2920 1283 2958; x_wconf 86' lang='lat' dir='ltr'>Non</span> <span class='ocrx_word' id='word_1_509' title='bbox 1293 2918 1459 2958; x_wconf 74' lang='lat' dir='ltr'>trabibus</span> <span class='ocrx_word' id='word_1_510' title='bbox 1473 2939 1484 2961; x_wconf 76' lang='lat'><em>2</em></span> <span class='ocrx_word' id='word_1_511' title='bbox 1505 2926 1570 2957; x_wconf 80' lang='lat' dir='ltr'>aut</span> <span class='ocrx_word' id='word_1_512' title='bbox 1581 2917 1714 2971; x_wconf 64' lang='lat' dir='ltr'>fixis,</span> 
     </span>
     <span class='ocr_line' id='line_1_51' title="bbox 107 2969 1716 3023; baseline 0.002 -12"><span class='ocrx_word' id='word_1_513' title='bbox 107 2969 179 3023; x_wconf 74' lang='lat' dir='ltr'>fid</span> <span class='ocrx_word' id='word_1_514' title='bbox 189 2982 333 3011; x_wconf 82' lang='lat' dir='ltr'>tuorum</span> <span class='ocrx_word' id='word_1_515' title='bbox 342 2972 548 3023; x_wconf 69' lang='lat' dir='ltr'>peHoribus</span> <span class='ocrx_word' id='word_1_516' title='bbox 562 2986 689 3013; x_wconf 85' lang='lat' dir='ltr'>nomen</span> <span class='ocrx_word' id='word_1_517' title='bbox 703 2983 804 3012; x_wconf 81' lang='lat' dir='ltr'>tuum</span> <span class='ocrx_word' id='word_1_518' title='bbox 827 2973 1013 3012; x_wconf 81' lang='lat' dir='ltr'>incidatur</span> <span class='ocrx_word' id='word_1_519' title='bbox 1025 3006 1033 3014; x_wconf 93' lang='lat'><em>.</em></span> <span class='ocrx_word' id='word_1_520' title='bbox 1053 2978 1104 3015; x_wconf 88' lang='lat' dir='ltr'>Ea</span> <span class='ocrx_word' id='word_1_521' title='bbox 1122 2985 1313 3016; x_wconf 88' lang='lat' dir='ltr'>aeternant</span> <span class='ocrx_word' id='word_1_522' title='bbox 1333 2976 1480 3018; x_wconf 87' lang='lat' dir='ltr'>corda;</span> <span class='ocrx_word' id='word_1_523' title='bbox 1503 2987 1716 3014; x_wconf 59' lang='lat' dir='ltr'>marmora,</span> 
     </span>
     <span class='ocr_line' id='line_1_52' title="bbox 117 3028 1712 3084; baseline 0.002 -18"><span class='ocrx_word' id='word_1_524' title='bbox 117 3031 229 3069; x_wconf 88' lang='lat' dir='ltr'>etiam</span> <span class='ocrx_word' id='word_1_525' title='bbox 244 3029 407 3069; x_wconf 88' lang='lat' dir='ltr'>vetustas</span> <span class='ocrx_word' id='word_1_526' title='bbox 418 3028 566 3068; x_wconf 82' lang='lat' dir='ltr'>exedit.</span> <span class='ocrx_word' id='word_1_527' title='bbox 600 3028 1043 3084; x_wconf 82' lang='lat' dir='ltr'>Animoruminscriptio</span> <span class='ocrx_word' id='word_1_528' title='bbox 1057 3031 1279 3075; x_wconf 80' lang='lat' dir='ltr'>immortalis</span> <span class='ocrx_word' id='word_1_529' title='bbox 1291 3031 1344 3072; x_wconf 89' lang='lat' dir='ltr'>est</span> <span class='ocrx_word' id='word_1_530' title='bbox 1358 3048 1368 3076; x_wconf 91' lang='lat'>;</span> <span class='ocrx_word' id='word_1_531' title='bbox 1390 3033 1432 3072; x_wconf 76' lang='grc' dir='ltr'>ὅτ.</span> <span class='ocrx_word' id='word_1_532' title='bbox 1451 3031 1508 3070; x_wconf 88' lang='lat' dir='ltr'>his</span> <span class='ocrx_word' id='word_1_533' title='bbox 1523 3044 1603 3070; x_wconf 90' lang='lat' dir='ltr'>non</span> <span class='ocrx_word' id='word_1_534' title='bbox 1621 3030 1712 3071; x_wconf 88' lang='lat' dir='ltr'>alius</span> 
     </span>
     <span class='ocr_line' id='line_1_53' title="bbox 113 3084 1717 3144; baseline 0.002 -20"><span class='ocrx_word' id='word_1_535' title='bbox 113 3097 252 3125; x_wconf 83' lang='lat' dir='ltr'>nomen</span> <span class='ocrx_word' id='word_1_536' title='bbox 270 3084 458 3126; x_wconf 84' lang='lat' dir='ltr'>inscribet</span> <span class='ocrx_word' id='word_1_537' title='bbox 470 3100 582 3140; x_wconf 63' lang='lat' dir='ltr'>quani</span> <span class='ocrx_word' id='word_1_538' title='bbox 597 3084 676 3139; x_wconf 87' lang='lat' dir='ltr'>ipse</span> <span class='ocrx_word' id='word_1_539' title='bbox 689 3089 831 3127; x_wconf 87' lang='lat' dir='ltr'>Amor.</span> <span class='ocrx_word' id='word_1_540' title='bbox 854 3088 987 3128; x_wconf 84' lang='lat' dir='ltr'>Faciet</span> <span class='ocrx_word' id='word_1_541' title='bbox 998 3090 1201 3144; x_wconf 87' lang='lat' dir='ltr'>Princeps,</span> <span class='ocrx_word' id='word_1_542' title='bbox 1216 3088 1241 3128; x_wconf 83' lang='lat' dir='ltr'>si</span> <span class='ocrx_word' id='word_1_543' title='bbox 1257 3092 1426 3142; x_wconf 87' lang='lat' dir='ltr'>parentis</span> <span class='ocrx_word' id='word_1_544' title='bbox 1442 3091 1478 3127; x_wconf 91' lang='lat' dir='ltr'>in</span> <span class='ocrx_word' id='word_1_545' title='bbox 1494 3100 1628 3127; x_wconf 89' lang='lat' dir='ltr'>omnes</span> <span class='ocrx_word' id='word_1_546' title='bbox 1641 3087 1717 3128; x_wconf 85' lang='lat' dir='ltr'>fibi</span> 
     </span>
     <span class='ocr_line' id='line_1_54' title="bbox 111 3137 1710 3201; baseline 0.004 -22"><span class='ocrx_word' id='word_1_547' title='bbox 111 3137 299 3182; x_wconf 57' lang='lat' dir='ltr'>subiectos</span> <span class='ocrx_word' id='word_1_548' title='bbox 311 3142 514 3198; x_wconf 84' lang='lat' dir='ltr'>personam</span> <span class='ocrx_word' id='word_1_549' title='bbox 540 3143 737 3183; x_wconf 87' lang='lat' dir='ltr'>induerit:</span> <span class='ocrx_word' id='word_1_550' title='bbox 758 3145 918 3185; x_wconf 88' lang='lat' dir='ltr'>animam</span> <span class='ocrx_word' id='word_1_551' title='bbox 933 3149 970 3185; x_wconf 88' lang='lat' dir='ltr'>in</span> <span class='ocrx_word' id='word_1_552' title='bbox 996 3144 1146 3186; x_wconf 87' lang='lat' dir='ltr'>suorum</span> <span class='ocrx_word' id='word_1_553' title='bbox 1170 3145 1273 3201; x_wconf 83' lang='lat' dir='ltr'>quali</span> <span class='ocrx_word' id='word_1_554' title='bbox 1293 3144 1458 3185; x_wconf 88' lang='lat' dir='ltr'>filiorum</span> <span class='ocrx_word' id='word_1_555' title='bbox 1479 3145 1710 3199; x_wconf 65' lang='lat' dir='ltr'>pestorib&#39;us</span> 
     </span>
    </p>
   </div>
   <div class='ocr_carea' id='block_1_3' title="bbox 112 3196 1711 3300">
    <p class='ocr_par' dir='ltr' id='par_1_11' title="bbox 112 3196 1711 3300">
     <span class='ocr_line' id='line_1_55' title="bbox 112 3196 1711 3258; baseline 0.003 -21"><span class='ocrx_word' id='word_1_556' title='bbox 112 3196 302 3252; x_wconf 85' lang='lat' dir='ltr'>deponat:</span> <span class='ocrx_word' id='word_1_557' title='bbox 315 3214 387 3242; x_wconf 87' lang='lat' dir='ltr'>nec</span> <span class='ocrx_word' id='word_1_558' title='bbox 401 3201 502 3254; x_wconf 77' lang='lat' dir='ltr'>aliud</span> <span class='ocrx_word' id='word_1_559' title='bbox 517 3210 820 3246; x_wconf 78' lang='lat' dir='ltr'>monumentum,</span> <span class='ocrx_word' id='word_1_560' title='bbox 838 3215 909 3243; x_wconf 86' lang='lat' dir='ltr'>nec</span> <span class='ocrx_word' id='word_1_561' title='bbox 923 3202 1138 3257; x_wconf 86' lang='lat' dir='ltr'>sepulcrum</span> <span class='ocrx_word' id='word_1_562' title='bbox 1153 3212 1301 3258; x_wconf 78' lang='lat' dir='ltr'>quaerat</span> <span class='ocrx_word' id='word_1_563' title='bbox 1314 3234 1321 3242; x_wconf 94' lang='lat'><strong>.</strong></span> <span class='ocrx_word' id='word_1_564' title='bbox 1336 3203 1375 3243; x_wconf 88' lang='lat' dir='ltr'>Si</span> <span class='ocrx_word' id='word_1_565' title='bbox 1389 3206 1474 3257; x_wconf 89' lang='lat' dir='ltr'>quis</span> <span class='ocrx_word' id='word_1_566' title='bbox 1494 3216 1587 3243; x_wconf 86' lang='lat' dir='ltr'>vero</span> <span class='ocrx_word' id='word_1_567' title='bbox 1601 3201 1711 3242; x_wconf 85' lang='lat' dir='ltr'>aliter</span> 
     </span>
     <span class='ocr_line' id='line_1_56' title="bbox 1511 3259 1651 3300; baseline -0.014 0"><span class='ocrx_word' id='word_1_568' title='bbox 1511 3259 1651 3300; x_wconf 82' lang='lat' dir='ltr'>audeat</span> 
     </span>
    </p>
   </div>
  </div>
 </body>
</html>
