2206 3480
306 79 406 133 DE
448 80 778 133 AGGERE
821 77 931 131 AD
971 76 1450 130 RVPELLAM.
1625 92 1688 143 69

12 186 55 237 Α
89 191 168 225 tum
182 178 258 223 est:
282 180 325 221 &
337 180 428 237 quia
441 179 603 236 vrgebat
613 181 838 223 obsidentes
850 184 1002 222 incerta
1012 179 1228 235 Anglorum
1239 176 1527 219 aduentantium
1542 175 1669 219 fama-1
1683 209 1691 224 ,

90 238 278 295 depressae
291 236 376 280 sunt
387 242 426 280 in
439 253 541 280 mare
554 242 653 279 intra
668 238 766 279 duos
781 242 952 293 Aggeres
963 238 1154 280 lix.naues
1164 238 1436 278 murataeintus
1449 264 1458 279 ‚
1489 236 1531 275 &
1542 235 1689 276 valida„

92 300 392 338 caementatione
404 295 568 338 firmiter
579 295 785 337 obstrucstae
795 319 806 339 ‚
818 310 905 350 quae
918 297 1072 350 rupium
1087 294 1202 339 instar
1212 298 1287 335 vim
1299 293 1570 350 tempestatum
1585 291 1687 333 fran-

90 366 228 413 gerent
240 384 250 400 ,
277 355 320 396 &
338 353 463 395 aditus
474 351 674 407 exitusque
686 354 945 408 impedirent.
974 352 1050 393 Hae
1067 349 1575 408 posteaprodudtolongius
1588 363 1688 405 ope-

92 427 134 454 re
146 415 245 453 intra
256 410 370 466 ipsam
384 413 572 464 Agger-um
586 409 809 450 struc‘turam
825 407 1118 464 comprehensae
1132 410 1174 450 ἀ
1189 408 1286 454 saxis
1294 410 1408 451 tectae
1422 407 1520 453 sunt,
1531 417 1574 455 vt
1588 421 1687 448 con-

89 473 238 511 tinuum
251 469 294 509 &
304 465 468 509 eiusdem
489 465 644 509 fabrieae
659 481 758 522 opus
771 468 881 508 credi
891 464 1020 522 posset
1030 494 1041 510 ,
1063 465 1132 506 nisi
1156 466 1265 521 quod
1276 477 1458 508 extantes
1468 465 1556 508 mali
1571 463 1685 507 testa-

87 537 223 570 rentur
236 539 352 566 naues
365 523 509 565 subesse
521 538 534 564 .·
553 523 606 565 fic
617 528 750 579 ingens
764 523 848 566 haec
860 522 1026 564 molesin
1040 522 1248 564 ludibrium
1264 527 1377 564 maris
1392 523 1445 565 est
1458 522 1685 567 substructa,

88 597 202 639 quam
222 583 311 623 ante
324 584 379 623 rei
393 581 544 622 molitio
557 612 566 626 ‚
592 580 761 637 sumptus
783 582 1035 637 magnitudo,
1053 578 1349 625 &frementium
1361 580 1547 622 vndarum
1565 579 1683 621 insani

84 639 194 682 aestus
208 640 507 683 retardauerant
519 671 528 681 .
558 638 667 680 Nihil
679 650 804 683 autem
818 644 939 680 minus
956 636 1176 680 credebam
1189 637 1406 692 Rupellani
1419 659 1430 680 ‚
1453 637 1495 678 ὃ(
1514 634 1683 691 ipsorum

81 695 257 738 fautores
281 696 421 752 Angli,
451 711 565 753 quam
576 707 616 737 vt
631 694 809 738 aduersus
825 695 1071 752 tempestates
1082 725 1094 741 ,
1105 693 1329 751 furoresque
1344 695 1499 736 Oceani
1514 696 1683 749 Aquita-

83 754 167 795 nici
185 753 561 810 Aequin06tionales
575 755 618 795 &
633 754 860 796 Solstitiales
871 754 1027 810 poffent
1040 753 1106 795 ista
1122 753 1251 794 omnia
1265 753 1501 794 munimenta
1512 748 1684 794 subfiste-

80 814 356 853 reAEnimuero
367 810 436 853 nisi
454 812 581 855 Deus,
596 815 705 852 cuius
722 814 761 852 in
772 826 884 854 manu
898 810 983 853 sunt
995 812 1133 856 maria,
1157 820 1270 854 terrae
1283 833 1295 854 2
1306 812 1438 855 venti,
1452 806 1598 850 coelum
1611 830 1622 851 2
1638 808 1681 848 ὃς

82 868 332 924 tempestates
347 892 360 913 2
386 868 612 911 mirabiliter
626 870 730 925 Regi>
747 874 899 926 optimo
921 868 1121 913 adfuissem
1144 879 1186 910 vt
1210 866 1445 908 rebelliones
1465 866 1508 906 ὃ(
1525 863 1683 906 haereses

83 930 229 979 punitae
241 936 442 971 extarent,
460 940 541 968 non
557 926 774 982 potuissent
789 927 1025 971 istaOceani
1040 929 1168 972 totius
1179 925 1402 966 violentiam
1421 923 1659 964 retundere,
1674 953 1682 961 .

17 1032 18 1035 Ἴ
79 982 187 1024 Dum
199 997 292 1038 ergo
303 982 486 1025 incassum
513 983 727 1040 expestant
747 986 888 1041 Angli,
913 995 956 1026 vt
966 984 1092 1025 moles
1105 984 1240 1038 Regiae
1253 979 1553 1037 tempestatibus
1574 979 1680 1031 difij-

18 1018 58 1070 B
79 1043 251 1084 dantur,
277 1041 321 1081 ὃς
343 1041 455 1083 anxie
475 1041 697 1087 nouilunia‚
718 1042 953 1098 plenilunia,
970 1040 1131 1084 solstitia
1153 1050 1380 1084 numerant,
1410 1036 1574 1094 spatium
1598 1038 1681 1089 Rel-

78 1101 117 1154 gi
131 1099 326 1139 dederunt
343 1099 375 1138 A
381 1113 515 1154 ggeres
525 1099 698 1155 vndique
712 1100 932 1141 muniendi.
956 1098 1164 1155 Postquam
1176 1099 1270 1141 vero
1285 1094 1462 1142 aduersus
1474 1094 1682 1151 tempesta-

80 1165 138 1196 tes
148 1155 399 1213 Aequinocstij
417 1157 641 1198 autumnalis
656 1157 753 1198 stare
769 1157 897 1199 adhuc
910 1171 1088 1211 aggeres;
1111 1157 1153 1196 ὃς
1168 1166 1318 1209 praeter
1339 1157 1568 1209 opinionem
1580 1151 1684 1193 suam

80 1224 204 1267 atque
220 1227 333 1253 omne
346 1216 530 1254 iudicium
544 1213 750 1255 humanum
765 1216 1013 1255 continuatas
1027 1243 1037 1258 ‚
1059 1211 1326 1270 per-festasque
1342 1210 1463 1252 moles
1480 1209 1682 1251 intellexe-

78 1281 193 1316 runt;
217 1275 598 1326 coeperuntmutatis
618 1270 787 1324 consiliis
811 1272 861 1313 de
883 1272 1185 1328 perrumpendis
1210 1271 1248 1311 vi
1271 1268 1495 1325 aggeribus,
1517 1270 1561 1308 &
1578 1266 1681 1318 dilij-

77 1326 229 1369 ciendis
239 1327 406 1370 molibus
417 1327 515 1370 serio
530 1330 708 1385 cogitate
720 1359 729 1368 .
750 1348 752 1351 ·
897 1331 900 1332 ’
1519 1356 1521 1359 -

134 1388 320 1434 Armatur3
331 1400 427 1440 ergo
449 1386 666 1442 Anglorum
693 1386 818 1429 claffis
837 1417 847 1433 ‚
870 1389 914 1430 δι
938 1390 1089 1430 nauium
1109 1386 1358 1429 rostratarum
1381 1394 1526 1440 praeter
1543 1383 1681 1423 incen-

79 1442 241 1488 diarias,
263 1443 305 1483 δι
325 1456 391 1484 eas
411 1443 552 1498 quibus
565 1443 755 1487 machinae
766 1444 1010 1488 vehebantur
1023 1442 1257 1500 displosoriae
1279 1443 1327 1483 ad
1349 1438 1682 1494 dirumpendum„

76 1512 270 1554 aggerem:
300 1498 379 1540 hoc
399 1503 557 1542 interim
569 1501 799 1545 confoditur
817 1507 856 1543 in
878 1503 1021 1556 Anglia
1037 1503 1058 1542 a
1079 1505 1205 1542 scoto
1230 1498 1523 1553 Ruckingamius
1542 1496 1681 1539 audior

75 1558 119 1597 &
140 1557 223 1598 dux
249 1559 419 1598 omnium
437 1557 648 1605 malorum„
663 1573 750 1615 quae
770 1558 819 1600 ab
839 1559 978 1614 Anglis
1004 1567 1276 1614 prouenerunt
1298 1571 1309 1601 ;
1330 1553 1584 1610 suffestusque
1615 1555 1678 1594 in..

72 1615 152 1654 eius
163 1613 295 1655 locum
306 1612 480 1657 Effexius
494 1630 505 1661 ;
527 1626 572 1657 vt
580 1618 619 1656 in
634 1615 712 1657 hac
725 1617 932 1672 inopinata
943 1616 1205 1671 Buckingamij
1221 1614 1330 1655 caede
1343 1628 1423 1654 non
1440 1612 1671 1669 apparuerit

70 1675 197 1713 maior
220 1685 390 1728 vnquam
408 1671 574 1714 dextera
592 1673 671 1715 Dei
691 1684 837 1715 armata
864 1675 913 1715 ad
929 1672 1194 1717 defensionem
1209 1672 1353 1728 populi,
1372 1670 1442 1712 sui.
1475 1669 1680 1726 Apparuit

68 1731 237 1785 primum
246 1726 371 1770 classis
383 1729 601 1787 Anglorum
613 1729 738 1772 mense
751 1731 1026 1787 Septembriin
1040 1730 1137 1772 festo
1148 1729 1267 1772 sansti
1281 1727 1678 1771 MichaelisArchan-

66 1788 156 1842 geli,
172 1787 344 1828 Franciae
356 1816 367 1832 ,
386 1788 428 1829 ὅ(
446 1790 563 1829 totius
574 1787 877 1831 Christianitatis
891 1788 1085 1832 Tutelaris
1098 1787 1293 1845 praesidis:
1307 1785 1460 1843 seseque
1479 1784 1675 1841 applicuit

3 1853 50 1902 C
65 1844 113 1886 ad
124 1847 439 1901 promontorium
450 1845 629 1888 Baiense.
663 1848 757 1895 Dici
775 1861 853 1888 non
869 1847 1004 1902 potest
1021 1856 1166 1903 quanta
1191 1857 1286 1887 tunc
1301 1843 1419 1886 fuerit
1434 1845 1674 1885 Francorum

67 1902 257 1945 exultatio
275 1925 288 1945 ‚
310 1912 456 1958 quanta
479 1903 661 1946 alacritas
677 1937 686 1946 .
718 1904 935 1946 Accursum
955 1904 1011 1946 est
1035 1906 1217 1960 protinus
1240 1916 1289 1943 ex
1315 1900 1493 1944 omnibus
1526 1898 1676 1939 castro-

66 1974 149 2001 rum
165 1961 311 2015 angulis
333 1961 388 2001 ad
410 1958 621 2016 spectaculi
639 1964 870 2004 nouitatem.
904 1965 996 2003 Erat
1018 1971 1112 2001 tunc
1133 1959 1405 2001 Nouilunium‚
1430 1970 1533 1996 mare
1559 1954 1676 1996 solito

68 2015 178 2058 altius
190 2047 202 2062 ‚
214 2028 349 2058 ventus
366 2021 478 2059 etiam
491 2017 622 2060 fauens
633 2050 644 2060 .
677 2019 843 2063 Vidisses
858 2018 1100 2057 nobilitatem
1119 2015 1315 2055 Gallicam
1329 2018 1367 2057 in
1382 2013 1515 2055 littore
1529 2024 1674 2054 turma·

65 2077 132 2116 tim
146 2073 366 2119 consistere,
395 2075 554 2116 militem
578 2076 719 2116 ordine
734 2072 985 2127 dispositum,
1011 2073 1147 2114 Duces
1160 2101 1170 2116 ‚
1189 2085 1236 2113 ac
1255 2069 1673 2125 Praefestosin.prima.,

69 2127 153 2173 acie
171 2131 422 2186 phaleratos,
452 2133 567 2173 armis
591 2129 889 2173 coruscantibus
910 2128 1095 2185 insignes.
1127 2130 1232 2176 Quin
1258 2129 1302 2169 ὃς
1321 2140 1530 2171 matronae,
1556 2129 1669 2182 virgi-

67 2188 210 2243 nesque
230 2188 380 2228 nobiles
403 2189 602 2244 quadrigis
623 2189 746 2229 vediae
765 2217 776 2232 ‚
804 2199 988 2242 tanquam
1014 2188 1063 2227 ad
1090 2185 1298 2227 monstrum
1322 2185 1485 2242 aliquod
1514 2185 1673 2226 imbelle

70 2249 213 2286 eminus
234 2243 485 2300 speciandum
507 2248 545 2286 in
573 2246 704 2287 vscino
724 2245 866 2286 littore
893 2244 1150 2287 constiterant
1171 2276 1180 2284 .
1221 2243 1405 2299 Indignus
1435 2242 1674 2283 credebatur

72 2304 263 2344 Francico
273 2306 443 2347 nomine,
455 2304 523 2358 qui
539 2303 607 2344 tfic
622 2315 724 2343 arma
737 2300 1173 2344 aduersus'communem
1186 2302 1379 2356 patriae,&
1390 2299 1579 2343 Ecclefiae
1597 2299 1671 2341 ho-

67 2360 159 2402 stem
174 2373 252 2400 non
267 2359 526 2415 expediuiffet
540 2392 548 2401 .
563 2363 704 2415 lgnaua
717 2361 833 2402 etiam
849 2359 1060 2401 castrorum
1074 2358 1189 2401 turba
1202 2357 1272 2399 fibi
1286 2369 1505 2413 temperare
1522 2358 1573 2398 ηό
1592 2371 1669 2412 ρο-

65 2421 141 2458 tuit
153 2440 166 2461 2
178 2420 270 2473 quin
285 2418 328 2458 ὃς
341 2417 414 2472 ipfi
431 2417 480 2459 ad
492 2417 597 2458 littus
615 2429 892 2460 accurrerent:
921 2416 987 2458 sed
999 2428 1088 2459 ante
1102 2430 1236 2457 omnes
1245 2420 1334 2459 Rex
1351 2416 1515 2460 statura,
1544 2418 1670 2460 armis,

66 2488 171 2530 equo
196 2503 207 2519 ‚
233 2476 276 2516 δε
294 2472 494 2517 lestiffima
513 2479 785 2531 primariorum
815 2476 973 2515 Ducum
991 2474 1214 2530 frequentia
1237 2471 1494 2526 conspicuus,
1528 2472 1669 2515 obibat

67 2535 214 2586 agmina
227 2561 238 2577 ,
255 2533 298 2572 ὃς
308 2529 392 2573 suos
417 2533 466 2573 ad
480 2531 753 2575 fortitudinem
766 2534 885 2574 distis
901 2533 1167 2588 exemploque
1178 2529 1398 2572 stimulabat
1409 2528 1587 2571 aduersus
1598 2531 1666 2571 diu

67 2590 315 2644 expectatum
327 2592 491 2631 nominis
502 2589 645 2631 Gallici
655 2589 802 2631 hostem
818 2622 826 2631 .
857 2589 1091 2645 Simulatque
1110 2601 1204 2628 vero
1215 2588 1253 2628 in
1270 2590 1503 2628 remotiores
1520 2586 1663 2630 Galliae

66 2655 196 2698 partes
211 2670 222 2691 2
241 2660 286 2688 ac
299 2648 501 2702 praecipue
513 2648 700 2688 Lutetiam
719 2646 817 2688 fama
827 2647 1015 2687 aduentus
1032 2645 1246 2700 Anglorum
1272 2644 1423 2699 perlata
1439 2644 1493 2686 est
1509 2674 1519 2689 ,
1538 2643 1664 2687 statim

0 2677 43 2730 D
67 2702 239 2744 vniuersa
259 2704 441 2745 nobilitas
471 2704 520 2746 ad
543 2708 691 2759 Regem
706 2702 818 2745 ‘suum
834 2707 995 2745 maxima
1017 2703 1280 2744 contentione
1294 2706 1496 2743 excurrit.-
1516 2701 1662 2758 plena,

65 2771 179 2801 erant
192 2762 495 2804 omniaitinera:
524 2771 735 2803 creuerunt
750 2761 869 2803 castra
894 2763 1014 2817 Regis
1038 2764 1138 2801 intra
1162 2760 1410 2815 quatriduum
1430 2761 1480 2802 ad
1495 2759 1663 2801 decem,

63 2815 263 2858 hominum
274 2817 385 2858 millia
402 2850 411 2858 .

122 2873 311 2915 Kalendis
331 2876 522 2917 Ostobris
536 2874 604 2917 sub
618 2876 753 2918 horam
764 2880 917 2918 tertiam
929 2876 1237 2929 pomeridianam
1249 2873 1429 2930 pandunt
1442 2874 1558 2930 Angli
1576 2874 1659 2915 vela

66 2931 256 2973 &leuatis
267 2929 451 2973 anchoris
470 2944 719 2989 componunt
728 2932 764 2974 se
783 2933 889 2988 quasi
901 2933 990 2974 aessu
1007 2932 1230 2975 secundom
1242 2933 1361 2974 finum
1372 2932 1577 2988 ingressuri,
1592 2929 1659 2971 sed

64 2988 276 3031 destituens
287 2986 390 3044 ipsos
407 2991 568 3043 repente
586 3002 722 3031 ventus
734 2990 890 3031 consilia
901 2989 1031 3031 elusit.
1065 2992 1197 3032 Noae
1210 2992 1391 3046 proxima
1409 2993 1566 3029 mittunt
1579 3003 1659 3029 ma-

67 3044 454 3102 chinasdisplosorias
465 3046 689 3088 vndecimin
711 3046 862 3089 classem
878 3048 1021 3103 Regis:
1048 3047 1110 3089 hae
1133 3062 1182 3090 ex
1196 3045 1327 3089 ferreis
1346 3047 1496 3086 laminis
1520 3048 1558 3085 in
1579 3059 1659 3087 am-

65 3101 201 3154 plioris
213 3104 298 3144 tubi
311 3099 471 3145 formam
482 3107 625 3159 aptatis
636 3103 884 3150 constabant,
908 3105 1113 3161 plenaeque
1126 3103 1291 3161 puluere
1314 3105 1458 3143 nitrato
1478 3101 1658 3144 fereban-

68 3156 281 3214 tur-salignis
305 3161 479 3203 truncis:
498 3162 536 3201 in
557 3163 688 3202 medio
711 3160 946 3204 transuerfim
968 3174 1079 3204 erant
1103 3162 1308 3204 collocatae
1330 3159 1491 3204 rotulae,
1519 3158 1657 3201 similes

63 3217 131 3263 ijs,
155 3230 238 3272 quae
254 3220 297 3264 in
317 3217 536 3274 horologijs
555 3217 878 3277 conspiciuntur3
895 3220 1122 3275 simulatque
1143 3219 1320 3261 machina
1342 3219 1379 3258 in
1404 3215 1658 3313 fondumgali-

1489 3288 1568 3330 quo
