2206 3480
193 41 394 102 ’ΒΕ
473 49 757 103 RITV
832 48 1591 104 NVPTIARVM.
1678 72 1777 115 297

72 156 111 208 A
145 151 221 189 -lta
235 145 470 203 Dy'flzxint.
502 149 584 190 Volo
599 158 634 189 te
645 148 794 190 domum
805 160 968 189 vxorem
981 148 1129 190 ducere.
1154 152 1200 191 Et
1224 153 1262 190 in
1284 151 1518 190 Trinummo
1534 180 1544 190 .
1566 150 1774 203 Numquid

164 204 270 261 causti
283 206 336 247 ef}
345 236 355 252 ,
367 211 458 261 quin
470 219 631 248 vxorem
643 220 721 248 cras
731 208 878 248 domum
890 207 999 248 ducas
1011 215 1026 248 ,ὲ
1040 209 1136 249 Item
1154 223 1199 249 vn
1206 223 1263 249 am
1275 207 1365 263 post
1376 208 1658 248 matrimonium
1674 207 1767 250 viri,

165 263 209 303 &
222 266 352 305 vxoris
363 264 518 305 domum
534 265 610 304 dici
627 294 636 305 .
668 264 897 305 Plutarchus
912 266 1016 314 lib.4.
1034 265 1330 321 Sympofiacon.
1345 279 1432 320 cap.
1447 279 1479 318 3.
1503 265 1545 305 ὃ(
1556 263 1610 305 est
1622 273 1714 303 text.
1726 266 1766 303 in

164 320 190 361 l,
209 318 272 361 135.
287 320 315 361 fi
331 323 394 363 vir.
411 323 462 362 D.
476 324 524 363 ad
536 321 649 362 senat.
663 319 828 374 sylleian.
842 325 1051 364 Enimuero
1064 323 1251 364 dedud'tio
1271 323 1356 364 haec
1379 326 1589 377 antiquitus
1612 320 1767 362 nonnisi

163 380 284 419 noetu
295 379 429 424 fiebat,
443 381 545 420 Sext.
561 382 698 435 Pomp.
713 379 781 421 lib.
791 394 852 427 14.
870 381 912 420 &
925 381 1012 423 Val.
1028 380 1137 422 Max.
1153 381 1402 436 lib.1-cap.5.
1416 380 1494 421 ibi:
1518 376 1766 434 Moreprtsto

160 437 270 476 notia
280 437 459 478 connubia
470 437 654 490 nuptialia
670 446 767 489 petit
781 469 790 479 .
812 441 859 479 Et
876 439 1041 478 Tacitus
1058 437 1146 478 lib.1
1160 453 1192 479 1.
1205 441 1225 480 a
1236 441 1402 479 Nerone
1412 452 1498 478 cum
1517 436 1767 491 Pythagora..

164 491 368 536 confectas
378 496 535 549 nuptias
549 493 718 534 referens
733 499 805 536 ait:
820 497 867 536 Et
881 494 1042 534 interdiu
1053 498 1092 533 in
1105 498 1193 534 viro
1204 495 1361 535 nubente
1365 495 1548 550 speffata,
1565 509 1640 550 qua
1650 496 1764 534 etiam

163 552 203 591 in
204 549 364 602 soemina
377 565 460 592 nox
469 555 587 604 operit
598 585 607 593 .
627 554 674 593 Et
687 552 861 593 Catullus
879 556 915 591 in
932 550 1191 606 Epithalamio
1206 584 1215 592 .

390 607 517 662 Vesper
524 609 628 650 adest
637 639 647 654 ‚
669 612 815 651 iuuenes
827 606 1024 660 confiirgite
1032 637 1042 652 ‚
1052 607 1185 662 vesper
1197 607 1337 663 olympo
1349 623 1358 649 :

393 666 543 719 Surgere
550 669 624 707 iam
637 677 776 719 tempus
787 696 796 710 ,
808 669 882 705 iam
893 676 1043 718 pingues
1055 666 1221 720 linquere
1230 666 1371 722 mensas
1381 688 1394 709 2

394 725 475 765 Iam
486 726 613 763 veniet
623 727 731 776 virgo
743 746 754 766 ‚
768 727 843 764 iam
857 723 999 763 dicetur
1012 722 1215 777 hymenaeus
1226 755 1235 764 .

162 781 280 821 Pueri
289 794 384 821 vero
395 791 473 821 tres
490 783 644 822 Patrimi
660 780 869 821 nubentem
883 780 1203 825 deducebant‚ex
1218 784 1322 823 Sext.
1332 781 1517 835 Pomp.in
1533 778 1762 819 verbo.Pa·

162 841 287 882 trimi,
306 852 470 893 quorum
483 850 576 879 vnus
586 837 709 880 facem
725 836 963 893 praeferebat
975 868 985 883 ,
999 837 1137 893 reliqui
1152 839 1234 880 duo
1245 839 1456 879 nubentem
1469 836 1656 878 tenebant
1668 867 1677 875 .

218 898 297 936 Fax
308 910 458 951 porro,
482 908 568 950 quae
580 895 919 950 praeferebaturex
931 896 1039 950 spina
1061 895 1146 936 alba
1164 895 1310 940 fiebat,
1332 906 1373 937 vt
1398 894 1502 936 idem
1516 895 1654 949 Pomp.
1669 890 1761 932 scri-

100 981 137 1032 B
165 950 243 998 bit,
258 951 431 1008 ideoque
445 953 620 994 Catullus
635 955 686 995 de
702 955 867 1011 Nuptijs
882 953 1003 999 Iuliae,
1019 953 1064 994 &
1077 953 1214 1006 Manlij
1229 986 1238 995 .

389 1010 483 1051 Pelle
492 1010 644 1051 humum
651 1012 805 1064 pedibus
813 1041 823 1057 ,
839 1024 953 1051 manu

388 1069 557 1119 spineam
569 1078 680 1122 quate
691 1069 823 1111 taedam
834 1100 843 1109 .

162 1123 267 1163 Hinc
278 1123 422 1166 Plinius
440 1139 449 1165 :
470 1125 635 1177 spineam
656 1129 871 1177 nuptiarum
873 1124 1027 1176 fite-ibus
1042 1124 1380 1182 auspicatzffimam‚
1399 1126 1471 1166 ait.
1493 1123 1586 1164 Non
1600 1119 1757 1165 desunt,

162 1185 229 1235 qui
246 1180 363 1220 velint
375 1181 564 1237 nuptiales
572 1179 678 1222 faces
689 1197 737 1223 ex
747 1184 845 1223 Pinu
858 1182 1003 1224 confici
1018 1181 1143 1225 solitas
1153 1214 1164 1229 ‚
1187 1195 1228 1224 vt
1245 1183 1352 1238 apud
1366 1181 1586 1224 Catullum:
1608 1182 1758 1220 Pineam

160 1247 273 1292 quate
289 1238 419 1280 taedam
433 1271 442 1279 .
455 1240 510 1279 Et
524 1239 694 1280 Ouidius
710 1253 747 1282 2.
762 1238 890 1281 fastor.
900 1240 1047 1282 Suadet
1058 1242 1079 1282 a
1098 1244 1284 1296 coniugio
1294 1255 1367 1297 per
1378 1240 1532 1295 aliquot
1546 1239 1631 1281 dies
1644 1234 1759 1277 absti-

161 1296 333 1337 nendum
345 1327 354 1336 .

330 1356 430 1394 Dum
442 1362 564 1393 tamen
575 1351 651 1395 luc
659 1352 761 1408 fient
773 1378 785 1399 ‚
797 1354 923 1397 viduae
934 1352 1058 1412 cffite
1066 1356 1196 1409 puellae
1209 1370 1220 1402 ;

387 1412 570 1463 Expediet
573 1421 688 1463 puros
696 1414 809 1463 pinea
817 1413 910 1454 taeda
924 1413 1000 1453 dies
1013 1445 1022 1454 .

157 1469 215 1510 Et
227 1467 277 1508 D.
288 1466 515 1509 Ambrosius
526 1467 576 1510 de
590 1467 807 1509 huiusmodi
821 1467 1021 1510 facibusin'
1031 1470 1096 1511 lib.
1109 1471 1160 1512 de
1171 1470 1316 1513 Viduis
1326 1470 1397 1511 ait:
1421 1468 1488 1509 Vel
1512 1482 1592 1510 cum
1608 1469 1759 1524 accensis

141 1525 343 1578 funalibus
352 1537 445 1566 mox·
453 1525 601 1566 ducitur
612 1549 623 1569 ‚
636 1525 1081 1581 nonnefpompaefimebris
1093 1530 1272 1584 exequias
1282 1530 1394 1581 magis
1401 1535 1515 1580 putat
1522 1550 1535 1571 ‚
1549 1540 1660 1582 quam
1670 1530 1759 1571 tha-

155 1584 292 1623 tamum
302 1587 511 1635 praeparari
518 1615 525 1624 .
550 1585 748 1626 Praeterea
759 1586 797 1625 in
809 1585 925 1628 altum
939 1584 1024 1626 tolli
1036 1585 1229 1628 nubentes
1245 1587 1378 1640 prilcis
1399 1587 1645 1639 temporibus
1659 1600 1760 1629 con-

152 1638 309 1682 sueuiffe
325 1663 337 1685 2
358 1651 398 1681 vt
415 1655 466 1682 ex
490 1641 648 1697 Optato
661 1642 902 1685 Meleuitano
926 1642 1033 1684 lib.6.
1057 1654 1198 1686 contra
1212 1642 1456 1686 Donatistas;
1477 1643 1599 1684 tradit
1611 1645 1760 1687 etiam..

151 1697 369 1739 Briffonius
383 1698 433 1738 de
448 1700 544 1740 Ritu
557 1710 666 1754 nupt.
681 1713 731 1740 ex
747 1701 935 1755 Apuleio,
949 1700 1137 1744 Polluce,
1156 1698 1335 1756 Synefio‚
1351 1700 1394 1740 &
1409 1700 1525 1740 Suida
1541 1731 1549 1740 .
1572 1703 1633 1741 Ac
1645 1706 1759 1744 etiam

152 1755 259 1810 apud
272 1756 421 1796 Poenos
431 1785 443 1801 ‚
459 1758 620 1798 Graecos
632 1779 645 1800 ‚
671 1757 714 1797 &
725 1758 944 1814 Aegyptios
958 1755 1021 1798 vsu
1035 1769 1240 1814 receptum
1255 1754 1382 1802 fuiss'e,
1405 1765 1446 1797 vt
1458 1756 1647 1798 nubentes
1658 1757 1760 1802 sellae

77 1818 124 1870 C
150 1812 606 1870 infidentesgcurruque
617 1812 795 1855 sublimes
808 1816 929 1857 vestae
952 1816 974 1856 a
995 1816 1120 1856 Patris
1142 1816 1264 1856 domo
1285 1815 1323 1855 in
1346 1816 1472 1855 mariti
1492 1814 1760 1858 domicilium..

151 1868 428 1912 transferretur
441 1901 451 1917 ,
468 1873 645 1927 quamuis
663 1872 769 1928 apud
785 1874 986 1914 Romanos
1002 1871 1121 1914 solum
1132 1874 1152 1913 a
1162 1876 1294 1928 pueris
1307 1885 1419 1912 manu
1436 1869 1590 1913 ductam
1607 1871 1760 1914 nuben-

150 1938 251 1973 tem,
269 1929 588 1985 exsext.Pomp.
602 1930 785 1971 vidimus.
801 1931 849 1972 Et
862 1928 1062 1972 Pausanias
1077 1930 1233 1975 scribit;
1253 1939 1296 1969 vt
1316 1941 1421 1969 noua
1444 1937 1566 1983 nupta
1590 1928 1681 1969 dum
1708 1932 1762 1972 ad

150 1984 310 2027 domum
332 1987 462 2038 sponsi
489 1990 783 2032 traduceretur,
806 1988 920 2028 solita
941 1997 1026 2028 erat
1035 2000 1149 2027 curru
1163 1985 1303 2042 geniali
1317 1986 1481 2029 vestati,
1507 1987 1544 2025 in
1573 1998 1655 2040 quo
1678 1996 1759 2028 tres

149 2053 302 2084 tantum
316 2043 586 2089 ducebantur;
609 2046 785 2084 nimirum
811 2042 944 2098 sponsa
956 2073 966 2090 ‚
993 2058 1080 2099 quae
1099 2042 1252 2084 sederet
1276 2046 1315 2083 in
1335 2039 1488 2088 medio,
1512 2040 1692 2097 sponsus,
1714 2045 1760 2086 &

148 2099 442 2156 Paranymphus
453 2124 464 2144 ‚
479 2105 546 2157 qui
561 2099 739 2141 annulum
756 2101 970 2142 maritalem
986 2101 1163 2142 traderet
1177 2131 1187 2141 .

204 2157 487 2199 Comitabatur
497 2167 689 2213 praeterea
703 2158 896 2199 nubentes
911 2158 1034 2201 Colus
1045 2168 1207 2215 compta
1222 2169 1310 2198 cum
1320 2154 1425 2202 fuso,
1446 2157 1490 2198 &
1510 2155 1688 2204 stamine,
1709 2171 1761 2200 ex

148 2213 388 2259 Plutarcho,
402 2217 445 2256 ὃ(
458 2229 507 2257 ex
521 2215 650 2255 Plinio
663 2214 773 2256 liba.
791 2229 867 2271 cap
883 2222 953 2264 48.

205 2270 397 2315 Vtenfilia
411 2275 505 2313 item
518 2271 681 2313 mulieris
693 2295 705 2316 2
720 2275 764 2313 &
776 2287 862 2328 quae
874 2277 911 2314 in
925 2274 1000 2320 vsu,
1016 2275 1059 2316 &
1073 2271 1282 2314 ministerio
1293 2274 1373 2313 eius
1383 2285 1473 2312 eran
1480 2281 1588 2327 uper
1595 2286 1759 2327 puerum

147 2327 391 2383 impuberem
408 2329 446 2370 in
461 2328 544 2370 vase
559 2340 702 2384 operto
714 2329 851 2384 gestari
866 2330 1170 2373 consueuerant:
1186 2333 1284 2373 Puer
1301 2330 1510 2373 Camillus3
1530 2343 1594 2370 vas
1608 2327 1760 2385 ipsum..

147 2384 358 2427 Cumerum
371 2390 540 2441 proprio
558 2387 714 2426 nomine
729 2388 964 2430 vocabatur:
977 2393 1107 2432 Varro
1124 2388 1296 2430 lib.6.de
1312 2387 1403 2442 ling.
1415 2387 1534 2427 Latin.
1552 2387 1761 2430 Cumerum

147 2443 348 2484 vocabant
359 2445 511 2499 antiqui
528 2457 590 2485 vas
605 2443 806 2500 quoddam
819 2474 829 2489 ‚
851 2447 964 2500 quod
976 2457 1159 2502 opertum
1171 2449 1208 2486 in
1225 2447 1373 2500 nuptijs
1397 2442 1576 2485 ferebant
1589 2474 1600 2489 ,
1626 2448 1664 2485 in
1678 2459 1760 2500 quo

149 2512 261 2542 erant
275 2500 455 2541 nubentis
471 2500 663 2546 vtensllia;
690 2515 770 2556 quo
785 2516 878 2543 vero
891 2503 940 2543 ad
953 2503 1109 2545 Camilli
1119 2517 1252 2544 vocem
1265 2525 1277 2546 ι
1289 2501 1400 2542 ficuti
1420 2502 1462 2541 ὃζ
1474 2499 1736 2542 Flaminium:
1747 2527 1760 2546 9

148 2571 309 2612 puerum
324 2558 470 2599 dictum
481 2561 686 2612 ingenuum
700 2562 908 2613 patrimum
924 2583 935 2603 ‚
956 2561 998 2601 ὃς
1013 2564 1229 2602 matrimum
1241 2583 1253 2603 2
1274 2558 1507 2612 quiFlamini
1525 2558 1629 2599 Diali
1642 2558 1690 2600 ad
1706 2558 1760 2601 sa-

149 2613 298 2656 crificia
311 2615 565 2656 ministrabat.
591 2618 650 2656 Ita
666 2628 715 2655 ex
725 2616 845 2656 Sexto
859 2617 1052 2671 Pompeio
1063 2640 1074 2660 ‚
1091 2630 1135 2657 ac
1151 2620 1266 2656 etiam
1281 2628 1331 2656 ex
1349 2614 1727 2667 Macrob.lib=6.c.9.

77 2657 131 2709 D
205 2672 315 2724 Quin
331 2676 446 2714 etiam
461 2670 568 2714 Affes
585 2681 662 2713 tres
677 2674 726 2713 ad
743 2676 917 2713 maritum
934 2674 1124 2714 nubentes
1140 2670 1391 2717 deferebant,
1410 2683 1453 2713 vt
1467 2673 1572 2727 apud
1584 2675 1759 2716 Nonium

151 2728 390 2770 Marcellum
402 2760 413 2775 ‚
425 2730 551 2771 Varro
567 2728 724 2774 scribit,
741 2729 1030 2772 vbideillorum
1047 2730 1261 2786 significatu
1277 2761 1287 2770 .

208 2785 324 2826 Pores
338 2786 478 2828 aedium
494 2785 824 2840 maritifloribus,
837 2788 890 2842 ¹&
909 2786 1115 2830 frondibus
1142 2790 1274 2829 ornari
1300 2785 1588 2830 consueuerunt
1600 2816 1611 2834 ‚
1635 2787 1758 2830 vnde..

149 2842 326 2884 Catullus
342 2843 391 2884 de
407 2847 556 2898 nuptijs
569 2845 674 2886 Pelei
693 2877 701 2885 .

381 2900 593 2952 Vssibulum
609 2912 656 2941 vt
668 2903 768 2943 molli
782 2902 946 2944 velatum
952 2900 1098 2955 fronde
1110 2906 1255 2945 vireret
1265 2935 1276 2945 .

147 2956 388 3000 Claudianus
400 2958 450 3000 de
460 2970 573 3012 raptu
587 2958 828 3014 Proserpinae
838 2990 848 3004 ‚
867 2959 975 3003 lib.2.
992 2976 1035 3002 ea
1051 2973 1222 3014 excepta
1232 2966 1271 3002 in
1286 2960 1475 3003 thalamos
1496 2959 1670 3003 Plutonis
1682 2963 1758 3003 ait:

147 3016 236 3055 Pars
249 3017 368 3058 aulea
390 3026 514 3058 tenent
537 3016 606 3072 alij
615 3026 839 3070 ,praetexere
848 3021 961 3058 ramis
974 3019 1122 3060 limina.
1144 3019 1270 3061 Lauro
1285 3023 1435 3075 quippe
1448 3019 1580 3060 Postes
1596 3032 1756 3065 ornare,

149 3074 279 3131 tamjn
292 3075 463 3130 publicis
475 3098 486 3118 ‚
502 3088 615 3130 quam
629 3077 790 3130 priuatis
805 3076 955 3130 gaudijs
968 3080 1084 3117 moris
1095 3088 1180 3118 erat
1191 3106 1200 3115 .
1212 3078 1383 3119 Tertull.
1403 3081 1441 3116 in
1459 3075 1631 3130 Apolog.
1651 3087 1756 3130 035.

147 3133 224 3170 Cur
237 3130 296 3170 die
304 3133 382 3175 laeto
393 3146 465 3173 non
481 3132 615 3172 laureis
617 3131 741 3185 posses
755 3131 1037 3174 obumbra-musi
1055 3133 1149 3176 Plin.
1162 3133 1227 3176 lib.
1236 3150 1250 3176 1
1264 3147 1384 3186 5.cap.
1398 3132 1460 3173 vlt.
1475 3134 1613 3172 Laurus
1626 3135 1753 3173 trium-

144 3185 233 3239 phis
240 3190 553 3246 proprie‘dicatur
566 3212 578 3236 2
589 3187 868 3249 ‘qelgratiss'ima
880 3189 1042 3233 domibus
1049 3194 1242 3250 ‚janitrix
1252 3190 1430 3244 Caefizrum
1441 3218 1451 3236 ‚
1468 3188 1757 3302 PontfianJque

1645 3262 1663 3287 o
1678 3261 1702 3287 a
