2206 3480
243 2969 421 3004 Consideratio
434 2989 441 2999 .

449 102 515 160 42
695 81 1372 144 DECOLVMNIS
1422 81 1533 133 IN
1576 81 1856 135 VRBE.

463 188 962 244 commodis‚t11n1maxime
974 186 1033 229 siti
1044 195 1300 226 vexarentur:
1315 184 1357 224 &
1373 184 1531 224 Marcus
1543 186 1947 242 Aureliuslmperator
1960 203 2047 231 cum
2086 200 2129 251 A

464 255 560 294 deos
571 251 654 292 suos
667 258 848 306 precatus
859 245 990 287 abillis
1002 244 1341 284 nonexaudiretur
1362 256 1372 282 .·
1402 253 1496 284 tunc
1521 245 1658 286 milites
1682 246 1892 288 Christiani
1919 277 1929 293 ,
1949 262 2049 302 quo-

460 325 541 353 rum
553 321 688 363 magna
701 308 817 360 copia
830 307 868 343 in
880 304 1054 342 exercitu
1068 311 1153 342 erat
1163 330 1173 345 ‚
1199 298 1307 342 flexis
1318 303 1477 356 genibus
1490 303 1539 343 ad
1556 307 1679 344 Deum
1693 318 1820 345 verum
1832 304 1868 344 se
1884 318 2051 345 conuer-

460 377 592 408 terunt
610 379 619 405 :
638 367 703 418 qui
721 375 813 402 mox
833 359 923 400 illos
939 355 1147 399 exaudiens
1169 387 1180 403 ,
1204 373 1283 398 non
1297 357 1413 402 solum
1427 375 1562 415 aquam
1579 364 1765 402 Romanis
1789 391 1800 407 ,
1824 374 1899 415 qua
1911 361 2050 402 refice-

461 434 604 466 rentur,
614 417 830 463 immiserit;
848 414 914 457 sed
928 416 971 457 δε
982 415 1121 457 eodem
1137 428 1336 459 momento
1347 417 1479 458 hostes
1492 418 1711 459 vehementi
1721 419 1910 473 grandine
1921 448 1931 464 ‚
1945 422 2029 473 igue
2042 448 2053 464 ,
2105 440 2107 443 ·

462 476 733 521 &fulminibus
744 471 1041 530 consumpserit.
1061 473 1161 516 Haec
1177 475 1197 515 a
1208 474 1381 529 pluribus
1392 473 1608 516 referuntur
1621 477 1863 522 auctoribus,
1880 477 1922 517 δε
1935 480 2055 516 maxi-

463 550 521 578 me
537 550 557 575 a
581 532 809 588 Xiphilino‚
834 532 924 573 dum
937 532 1120 586 arguitde
1135 534 1339 572 mendacio
1356 532 1576 573 voluntario
1599 535 1767 574 Dionem
1784 563 1793 578 ,
1812 535 1918 588 quod
1939 533 2054 587 magi-

440 626 442 629 .
465 594 519 638 cis
537 590 680 633 artibus
699 589 740 630 id
758 588 941 631 tribuerit
965 620 974 629 .
1006 592 1048 629 In
1075 591 1175 631 tanti
1188 603 1285 630 vero
1300 588 1482 641 beneficij
1500 593 1846 631 remunerationem
1863 589 1932 630 suis
1946 590 2054 630 litte-

461 651 511 692 ris
531 653 749 703 Imperator
762 645 934 703 generali
950 646 1079 687 edic‘io
1093 644 1215 687 sanxit
1243 661 1251 686 :
1282 649 1493 688 Neminem
1507 648 1618 702 quod
1636 647 1874 689 Christianus
1890 646 1982 687 effer
1994 648 2055 686 in„

462 706 647 748 iudicium
659 706 813 750 vocari;
829 717 1041 759 eorumque
1057 714 1097 744 vt
1110 703 1242 745 talium
1260 703 1496 745 accusatores
1524 734 1533 749 ,
1565 706 1672 745 viuos
1690 706 1799 744 exuri
1817 720 1826 749 ;
1843 702 2054 745 cuiusmodi

463 764 633 805 edietum
658 764 773 803 etiam
800 761 1046 815 temporibus
1065 760 1277 802 Commodi
1299 762 1426 802 Marci
1450 761 1521 812 filij
1537 760 1689 816 viguisse
1707 766 1868 805 Romae,
1885 762 2057 801 meminit

462 819 644 864 Eusebius
659 819 727 860 lib.
761 830 794 868 ς.
820 817 952 859 histor.
970 831 1056 872 cap.
1081 832 1150 860 20.
1177 819 1264 859 Hoc
1288 818 1390 859 idem
1403 819 1564 860 testatur
1584 819 1851 859 Tertullianus
1878 819 1916 857 in
1944 821 2061 871 Apo*-

463 879 540 934 log.
556 891 645 931 cap.
669 888 702 927 ς.
721 876 779 916 his
798 875 926 916 verbis
944 875 1003 915 :Si
1018 875 1147 917 littera
1159 878 1296 915 Marci
1311 877 1449 926 Aurelij
1460 874 1661 930 grauiffimi
1677 878 1912 928 Imperatoris
1936 877 2061 927 requi-

465 945 600 976 rantur
615 958 626 978 ,
642 934 775 989 quibus
787 934 886 974 illam
904 933 1156 972 Germanicam
1159 933 1264 987 sitim
1287 956 1298 976 2
1322 931 1740 984 Chrifiianorumfhrt?
1761 933 1918 973 militum
1935 943 2062 983 preca-

465 991 623 1033 tionibus
634 994 828 1043 impetrato
836 988 949 1029 imbri
963 985 1144 1046 discuffam
1156 1012 1167 1033 ‚
1182 988 1405 1030 conteflatur
1417 987 1578 1031 .&infra
1606 1005 1613 1030 :
1637 990 1787 1030 Adserva
1801 986 2060 1041 etiamaccufiv-

467 1049 605 1091 toribus
618 1047 853 1088 damnatione
865 1076 874 1090 ,
887 1045 935 1090 ὠ
948 1047 1092 1100 quidem
1106 1049 1255 1086 tetriore
1270 1078 1278 1086 .
1808 1063 1814 1069 ·

527 1105 606 1147 Sed
632 1134 642 1150 ,
669 1104 780 1158 quod
795 1103 944 1158 spe6³tat
959 1105 1162 1144 adnomen
1184 1105 1361 1157 Legionis
1388 1134 1398 1149 ,
1425 1105 1463 1145 in
1479 1118 1555 1158 qua
1571 1104 1688 1155 ijdeni
1702 1102 1911 1145 Christiani
1927 1103 2064 1145 milita-

469 1173 560 1205 runt
576 1177 586 1203 :
601 1175 733 1202 omnes
746 1159 863 1201 ferme
879 1162 1057 1202 austores
1076 1160 1326 1201 consentiunt
1348 1186 1358 1205 ⁷
1386 1176 1466 1202 eam
1486 1176 1535 1202 ex
1548 1161 1769 1202 admiranda
1783 1160 1849 1201 illa
1863 1158 2063 1203 fulminum

468 1217 697 1262 immistione
714 1249 724 1263 ,
739 1219 878 1258 dietam
892 1217 965 1258 effe
983 1219 1278 1258 Fulminatricem
1290 1217 1371 1262 ,seu
1382 1219 1605 1259 Fulmineam
1617 1251 1625 1259 .

525 1281 641 1318 Extat
657 1290 779 1331 porro
791 1275 973 1316 haeftenus
991 1279 1128 1318 Romae
1138 1286 1214 1315 tam
1238 1276 1381 1330 egregii
1404 1275 1575 1316 miraculi
1598 1275 1817 1332 praeclarum
1840 1289 2068 1318 monumen-

472 1344 552 1375 tum
567 1335 604 1373 in
620 1330 850 1373 nobiliffima
862 1333 988 1372 Marci
1007 1334 1197 1373 Antonini
1210 1333 1404 1373 Columna
1414 1332 1596 1373 cochlide
1610 1333 1809 1388 insigniter
1824 1331 2043 1388 sculptum..
2056 1361 2068 1376 ,

471 1405 546 1433 vna
561 1404 647 1431 cum
665 1389 748 1440 aliis
766 1390 895 1430 Marci
906 1389 1056 1439 Aurelij
1070 1391 1107 1429 in
1124 1388 1232 1430 bello
1245 1388 1569 1431 Marcomannico
1587 1387 1821 1431 facinoribus
1830 1389 1982 1431 fortiter
2004 1405 2072 1445 ge-

475 1448 549 1490 stis:
563 1462 604 1488 ac
623 1448 738 1487 etiam
754 1450 790 1487 in
806 1446 941 1488 eadem
957 1446 1107 1487 Milites
1126 1444 1331 1487 Christiani
1349 1447 1625 1501 apparent,qui
1639 1446 1746 1488 flexis
1761 1447 1921 1503 genibus
1938 1448 2070 1489 Deum

475 1514 642 1546 exorant
657 1519 667 1548 ;
683 1519 752 1545 nec
768 1518 847 1544 non
863 1504 981 1555 ijdem
1000 1505 1037 1543 in
1055 1507 1228 1558 propriis
1241 1517 1374 1545 eorum
1391 1502 1504 1544 scutis
1517 1504 1757 1545 tremendum
1774 1507 1914 1546 Crucis
1926 1504 2072 1560 signum

476 1562 632 1617 sculptu
646 1560 695 1602 ha
703 1561 855 1601 bent5ac
871 1571 1065 1616 praeterea
1077 1562 1251 1601 cernitur
1266 1563 1517 1602 intercaetera
1530 1561 1636 1601 iouis
1653 1560 1775 1616 figura
1791 1561 2069 1616 vndiq3imbres

474 1619 671 1661 fundentis
689 1642 700 1662 ‚
714 1619 756 1658 &
772 1617 921 1673 fulgura
937 1617 1190 1663 admiscentis‚
1208 1618 1360 1673 qualem
1378 1619 1504 1660 dicere
1519 1616 1688 1658 solerent
1698 1617 2071 1670 Flauium-Quamuis

475 1678 533 1718 M.
552 1675 728 1717 Aurelius
748 1679 966 1731 imperator
983 1674 1152 1731 publicis
1165 1673 1233 1715 suis
1257 1676 1392 1717 litteris
1411 1698 1423 1719 2
1442 1674 1783 1717 tantamdiuiuitus
1800 1679 2073 1730 impetratam..

477 1737 634 1790 gratiam
653 1762 662 1776 ‚
677 1732 985 1773 Christianorum
1002 1732 1186 1782 precibus
1208 1745 1405 1788 acceptam
1420 1732 1578 1778 tulerit;
1607 1743 1734 1788 tamen
1749 1758 1761 1777 ‚
1793 1732 1855 1774 vel
1880 1733 1988 1788 quod
1999 1746 2074 1772 no-

480 1805 568 1831 men
583 1789 889 1831 Christianorum
903 1790 959 1831 illi
973 1789 1066 1829 esset
1077 1792 1313 1845 incognitum
1329 1820 1338 1834 ,
1352 1790 1413 1830 vel
1435 1791 1545 1844 quod
1562 1804 1629 1830 ore
1643 1793 1810 1832 omnium
1827 1790 2073 1831 Gentilium„

481 1847 743 1888 diffamaretur
757 1877 765 1892 ,
785 1862 865 1888 eam
884 1849 903 1888 a
918 1851 1012 1888 Ioue
1029 1844 1373 1891 suiffeconceffam,
1391 1851 1452 1887 cui
1464 1846 1623 1901 reliqum
1640 1863 1698 1887 res
1717 1862 1847 1888 omnes
1862 1846 2072 1903 prosperat,

480 1900 627 1945 etiamfi
657 1904 966 1952 Christianorum
995 1903 1182 1959 precibus
1207 1908 1509 1957 impetrarentur
1544 1933 1554 1949 ‚
1596 1904 1711 1945 tribui
1739 1904 1905 1945 solerent
1928 1920 1938 1949 ;
1966 1913 2008 1943 vt
2025 1916 2075 1943 ex

483 1959 703 2002 Tertull.in
718 1962 889 2016 Apolog.
905 1975 991 2016 cap,
1010 1975 1047 2008 4.
1065 1962 1104 2000 3<
1122 1960 1225 2002 idem
1241 1961 1460 2001 Tertull.in
1480 1960 1737 2016 Apolog.cap
1764 1976 1804 2009 4.
1835 1962 1992 2001 &idem
2010 1974 2077 2000 ca-

481 2020 555 2075 pit.
569 2017 616 2058 ad
633 2018 853 2074 Scapulam,
873 2017 921 2058 de
935 2018 1038 2063 dic‘ta
1048 2017 1178 2072 pluuia
1195 2032 1268 2072 per
1282 2020 1421 2059 milites
1435 2017 1674 2059 Christianos
1699 2021 1719 2059 ἐι
1741 2021 1830 2060 Deo
1842 2020 2049 2072 impetrata
2062 2039 2074 2060 2

484 2075 537 2116 {ic
550 2077 676 2129 inquit
691 2091 699 2115 :
714 2078 780 2116 M.
795 2089 937 2131 quoque
954 2075 1125 2118 Aurelius
1135 2077 1173 2114 in
1188 2077 1402 2115 Germanica
1415 2076 1647 2128 expeditione
1658 2074 1944 2126 Cbrfiianorum
1959 2078 2013 2113 M
2018 2074 2079 2113 ili-

488 2143 564 2173 tum
579 2133 805 2173 orationibus
831 2133 884 2173 ad
907 2131 1141 2183 Deumfac‘lis
1163 2160 1174 2174 ‚
1195 2131 1328 2170 imbres
1343 2134 1381 2170 in
1393 2133 1460 2186 stti
1469 2132 1534 2172 illa
1548 2135 1761 2185 impetrauit
1782 2165 1790 2173 .
1812 2131 1981 2185 ⁸Quando
2006 2142 2079 2170 non

481 2189 827 2244 geniculationibus,
840 2187 1109 2232 &iuuantibus
1122 2186 1255 2227 nofiris
1267 2216 1277 2232 ‚
1296 2190 1405 2226 etiam
1422 2190 1586 2227 ciuitates
1588 2189 1680 2242 fimt
1695 2189 1847 2243 depuffae
1868 2198 1883 2228 ,ἓ
1905 2191 2012 2227 Tunc
2034 2186 2084 2228 &⁵

487 2247 643 2299 Populus
655 2248 857 2287 acclamans
874 2247 951 2286 Deo
976 2245 1124 2285 deorum
1145 2273 1155 2288 ,
1183 2246 1251 2298 qui
1255 2243 1375 2297 solum
1381 2253 1509 2295 potens
1519 2243 1572 2284 ef}
1580 2273 1590 2288 ‚
1618 2247 1656 2283 in
1668 2247 1687 2286 I
1689 2249 1764 2288 ouis
1775 2247 1919 2286 nomine
1930 2245 2005 2282 Deo
2015 2255 2082 2282 no-

485 2304 563 2346 stro
574 2302 816 2344 testimonium
826 2302 989 2343 reddidit
1004 2334 1012 2342 .
1043 2301 1203 2343 Idcirco
1215 2301 1319 2342 Iouis
1332 2303 1457 2354 imago
1472 2303 1640 2355 pluuiam
1657 2301 1782 2341 dantis
1807 2302 1843 2340 in
1857 2301 2084 2340 Columna...

487 2360 559 2402 fuit
586 2361 762 2415 expressa
786 2375 795 2400 :
823 2364 928 2401 cuius
945 2359 1150 2400 Columnae
1169 2357 1419 2414 fragmentum
1443 2361 1481 2398 in
1507 2356 1730 2399 Christianae
1748 2355 1842 2399 fidei
1872 2355 2085 2399 attestatio-

485 2435 572 2463 nem
587 2418 652 2459 hic
669 2416 939 2460 delineandum
958 2417 1090 2457 curaui
1108 2445 1115 2452 .

546 2476 737 2519 Caeterum
750 2476 910 2517 eandem
926 2473 1154 2516 Columnam
1166 2497 1177 2517 ²
1202 2475 1245 2516 &
1257 2475 1481 2517 Christianae
1493 2476 1602 2517 Fidei
1612 2474 1939 2530 praeclariffimum
1953 2489 2089 2516 monu-

494 2546 687 2578 mentum,
706 2533 912 2575 barbarico
929 2529 1058 2573 surore
1075 2529 1250 2573 deorsum
1265 2531 1455 2574 incensam
1480 2562 1491 2579 ,
1521 2547 1565 2574 ac
1581 2532 1744 2587 desuper
1757 2531 1910 2574 fulmine
1927 2534 2088 2577 tastam,

496 2596 569 2634 iam
584 2590 838 2632 deformatam
852 2591 896 2631 &
907 2589 1171 2631 collabentem
1183 2619 1193 2634 ,
1212 2591 1342 2632 Sixtus
1354 2594 1403 2634 V.
1414 2591 1528 2633 Pont.
1542 2591 1651 2634 Max.
1663 2590 1805 2632 summo
1823 2589 1948 2630 studio
1960 2595 1996 2630 in
2013 2591 2095 2644 pri-

496 2649 629 2689 stinum
645 2647 891 2704 splendorem
905 2646 1178 2689 restituendam
1194 2651 1344 2689 curauit
1358 2662 1367 2692 ;
1391 2647 1593 2690 collocata
1608 2646 1817 2702 desuperin
1831 2654 1908 2687 eius
1921 2651 2091 2689 vertice)

494 2720 591 2745 nerea
616 2707 788 2746 inaurata
803 2705 910 2746 Pauli
927 2706 1114 2751 Doftoris
1127 2708 1296 2759 gentium
1311 2704 1416 2746 sacra
1430 2703 1566 2759 effigie:
1581 2715 1623 2744 vt
1639 2704 1700 2745 vbi
1715 2704 1808 2744 olim
1828 2704 1876 2748 ab
1891 2707 2094 2746 Antonino

496 2764 567 2805 Pio
580 2761 756 2803 statutum
769 2760 891 2802 fuerat
906 2761 1140 2802 simulacrum
1151 2761 1297 2802 Marco
1311 2761 1470 2802 Aurelio
1482 2764 1635 2802 Parenti
1657 2790 1666 2805 ,
1689 2760 1833 2801 ibidem
1849 2762 1957 2807 illius,
1969 2763 2035 2816 qui
2048 2761 2097 2801 ad

494 2833 621 2861 veram
634 2822 821 2874 pietatem
835 2818 982 2861 Vrbem
998 2817 1186 2860 excoluit,
1203 2819 1244 2857 ὃς
1269 2819 1450 2859 Gentiles
1465 2817 1621 2860 Christo
1633 2817 1799 2873 subegit,
1826 2818 1965 2874 {ignum
1985 2817 2097 2858 nobi—

495 2874 669 2918 liffimum
687 2885 930 2919 cerneretur,
942 2885 983 2914 vt
997 2876 1044 2913 de
1061 2874 1117 2914 his
1134 2874 1209 2913 late
1226 2875 1345 2917 Card.
1366 2876 1555 2916 Batonius
1573 2887 1669 2916 tom.⁴
1682 2890 1719 2920 2,
1732 2875 1799 2916 sub
1815 2891 1916 2917 anno
1933 2881 2022 2921 176.

554 2932 829 2978 Recensuimus
839 2929 1026 2987 superbos
1043 2932 1327 2990 Aegyptiorum
1344 2931 1567 2975 obeliscos,
1592 2934 1633 2973 ἃ
1651 2936 1917 2975 Romanorum
1937 2931 2097 2972 Colum-

497 3005 579 3040 na5‚
599 2993 758 3032 Tralani
772 3020 782 3035 ‚
800 3003 845 3031 ac
863 2992 1055 3031 Antonini
1070 2991 1351 3043 praelertimwt
1376 2991 1585 3030 eorundem
1602 2993 1728 3045 Impp.
1741 2993 1890 3030 cineres
1906 2990 2100 3030 reconde—

499 3059 630 3088 rentur
644 3048 756 3103 super
771 3047 852 3088 illas
871 3076 878 3083 .
910 3047 1119 3087 Hominum
1139 3044 1315 3102 plerique
1327 3050 1402 3087 toti
1434 3051 1469 3088 in
1496 3051 1640 3088 extimo
1653 3058 1892 3087 mortuorum
1911 3050 2101 3102 apparatu

498 3106 798 3161 intenti‚p0tius
813 3102 923 3145 fastui
932 3103 1044 3144 litant
1059 3116 1169 3156 quam
1184 3105 1344 3158 pietati,
1369 3105 1457 3146 dum
1474 3104 1622 3145 suorum
1636 3102 1744 3144 funus
1758 3103 2044 3159 prosequuntur
2060 3103 2103 3142 ὃς

496 3161 594 3202 iusta
608 3160 677 3202 suis
689 3161 842 3203 soluunt
867 3175 878 3199 .·
899 3161 941 3201 ὃς
956 3160 1150 3200 nihilomiu
1159 3174 1198 3200 us
1216 3161 1328 3202 Iudas
1342 3161 1595 3211 Machabaeus
1610 3159 1768 3201 infacto
1779 3171 1892 3201 textu
1905 3173 2106 3202 commen-

501 3218 630 3263 datur‚
646 3220 907 3276 quipecunias
935 3217 1030 3263 misit
1050 3214 1244 3261 ierusalem
1267 3248 1276 3265 ,
1302 3229 1340 3259 st
1366 3218 1596 3261 offeri-entur
1611 3232 1687 3273 pro
1709 3221 1866 3260 mortuis
1877 3217 2105 3260 sacrificia-‚3

1970 3287 2047 3316 non

2089 1026 2128 1075 B

2113 2683 2172 2744 ‘D
