2206 3480
412 157 513 199 ω
599 132 702 185 DE
743 124 1249 181 viRTvTIBVS
1289 124 1884 185 ROMANORVM.

402 236 600 271 tormenta
621 224 843 266 terrebant,
858 221 1044 278 quinullis
1063 219 1229 261 aduersis
1245 219 1542 275 frangebantur,
1572 222 1686 262 nullis
1699 223 1910 265 cedebant,
1929 221 2006 261 cui-
2049 226 2093 279 A

402 300 482 342 que
493 299 565 340 per
579 284 674 323 dura
688 284 729 322 &
742 281 872 334 aspera
887 309 897 324 ‚
920 290 1113 332 tamquam
1138 292 1210 332 per
1222 290 1364 318 amicas
1386 283 1691 320 exercitationes
1712 279 1914 321 crescebat
1926 281 2007 319 ani-

405 357 507 386 mus3
530 342 573 380 ὃ(
587 340 725 394 quibus
750 350 854 377 mens
867 334 1015 390 semper
1026 340 1062 374 in
1079 337 1198 374 ardua
1213 339 1357 380 maior,
1374 339 1441 391 qui
1454 340 1617 391 primam
1628 350 1762 378 eorum
1773 336 1903 392 gloriae
1917 349 2008 390 par-

406 410 483 440 tem
502 406 686 452 putarunt
697 395 946 448 oppugnari,
978 392 1207 446 postremam
1232 396 1336 433 inter
1360 391 1528 435 secunda
1542 393 1881 434 &molliaviuere.
1911 394 2008 433 Cito

406 455 592 509 fiquidem
606 451 767 504 gloriam
786 447 1028 489 obsolescere
1043 454 1079 489 in
1107 448 1223 490 rebus
1238 451 1393 505 paruis;
1413 464 1484 491 nec
1501 452 1673 505 quicqua
1688 450 1879 506 indignius
1890 446 2007 504 quam

408 509 575 552 consumi
588 521 669 547 eam
680 530 689 548 ›
707 507 772 546 vbi
789 520 866 545 non
882 508 1010 561 potest
1025 506 1175 547 ostendi
1190 538 1199 547 .
1230 509 1361 549 Vnica
1373 510 1549 548 nimirum
1562 507 1695 558 ijsdem
1712 510 1788 548 vita
1802 529 1814 550 2
1829 508 1872 547 &
1886 506 2008 547 decus

408 571 481 609 fuit
492 568 625 620 patria:
636 567 764 603 viuere
774 593 784 606 ‚
800 564 842 603 ἀ
858 564 1054 604 interritos
1066 570 1166 604 inter
1175 564 1354 613 pericula
1366 593 1377 609 ,
1393 565 1435 604 δε
1451 566 1556 606 orbis
1572 565 1703 620 prope
1713 562 1871 605 vniuerfi
1882 576 2006 604 armat„

408 628 527 665 mori:
556 622 598 661 a&
611 619 695 661 sane
706 621 791 661 haec
811 625 1076 662 Romanorum
1090 620 1318 662 Constantia
1341 625 1531 663 eratinter
1546 622 1767 663 admiranda
1781 622 1910 677 potius
1922 622 2003 675 qui

406 683 512 722 inter
524 678 708 718 imitanda
725 679 974 732 reponenda·
1011 677 1296 719 occurrebant
1313 678 1386 719 illis
1408 677 1594 720 aduersa?
1617 679 2007 734 amplestabantur'vt

408 741 550 782 amica,
569 737 609 775 &
622 734 791 789 aquibus
805 735 1053 788 prudentiam
1067 735 1288 776 discerent:
1317 734 1510 778 secunda?
1531 747 1573 776 vt
1586 735 1707 777 infida
1719 764 1730 780 ,
1752 738 1794 776 ὃ(
1807 737 1979 790 peritura
1990 755 2005 776 ‚

408 796 452 835 &
467 796 605 835 damna
626 796 838 832 minitantia
864 792 926 832 illa
954 792 1192 845 reputabant
1205 823 1214 832 .
1248 794 1596 834 Denunciabantur
1610 793 1740 833 clades
1759 802 1774 834 ‚²
1792 803 2005 844 tanquanu.

403 852 637 906 expestatas
649 848 918 902 accipiebant:
936 850 1124 891 Victoriae
1141 858 1156 890 ?
1177 863 1370 904 nunquam
1383 851 1466 892 illos
1481 850 1725 892 extulerunt.
1758 850 1910 904 Regum
1934 850 2006 887 ini-

407 911 563 949 micitiae
580 915 595 947 ?
622 910 794 960 Imperio
811 904 998 946 dicebant
1015 907 1150 946 deberi
1166 915 1181 947 ?
1203 910 1398 949 Amicitiae
1411 917 1427 950 ?
1445 919 1485 949 vt
1506 922 1586 949 non
1602 909 1806 948 duraturas
1825 905 2006 946 admitte-

408 966 528 1005 bant.
562 964 791 1018 Magnorum
815 963 954 1003 minae?
978 963 1231 1004 excutiebant
1255 963 1334 1005 illas
1351 976 1391 1005 vt
1410 968 1561 1020 paleas.
1592 967 1737 1008 Arma?
1763 964 2005 1018 repercutie-

408 1022 505 1062 bant
518 1032 557 1061 vt
574 1019 757 1060 fortuitas
779 1019 894 1073 pilas.
922 1019 1066 1073 Populi
1080 1024 1390 1061 commotiones?
1415 1024 1560 1077 magnis
1575 1021 1830 1076 haslmperijs
1846 1020 2005 1060 adiace-

408 1078 658 1121 resciebant3
680 1077 723 1116 &
736 1077 850 1116 veluti
872 1080 908 1116 in
925 1080 1017 1117 mari
1033 1076 1122 1131 post
1132 1077 1329 1118 malaciam
1342 1081 1574 1118 metuendas
1587 1078 1830 1133 tempestates
1845 1092 1856 1122 ;
1885 1075 1949 1116 sed
1962 1074 2005 1114 &
2025 1064 2065 1115 Β

408 1138 548 1178 iterum
564 1132 789 1188 sperandam
802 1133 1117 1186 tranquillitatem
1129 1149 1142 1174 .·
1173 1132 1420 1175 succedentia
1432 1136 1516 1176 haec
1531 1146 1665 1176 mutuo
1679 1135 1749 1176 sibi
1765 1134 1837 1175 effe
1850 1161 1860 1172 .
1884 1132 2002 1173 Filio.

410 1206 492 1234 rum
508 1193 549 1231 ὃς
563 1191 769 1244 coniugum
785 1200 927 1230 mortes
945 1198 959 1229 ?
988 1189 1162 1231 sciebant
1189 1190 1435 1247 selgenuiffm
1455 1194 1498 1232 δε
1517 1191 1663 1232 duxisse
1688 1195 1914 1232 morituros.
1950 1191 2008 1230 Ex

411 1250 542 1290 amicis
557 1248 733 1286 inimicos
748 1247 1077 1300 experiebantur?
1099 1249 1287 1290 dicebant
1300 1251 1401 1290 hanc
1419 1249 1492 1289 effe
1504 1249 1774 1290 conditionem
1801 1260 1925 1289 rerum
1937 1244 2009 1285 hu-

408 1318 628 1347 manarum:
653 1317 807 1343 necnon
822 1302 903 1345 falli
915 1333 926 1348 ‚
954 1306 1022 1359 qui
1037 1305 1140 1345 aliud
1152 1307 1380 1361 expectaret
1395 1337 1404 1347 .
1437 1306 1630 1346 Militares
1644 1304 1898 1360 exsurgebant
1911 1300 2009 1344 sedi·

409 1366 538 1403 tiones
554 1370 569 1401 ἓ
588 1360 732 1401 nullum
746 1360 934 1401 dicebant
946 1363 1076 1417 prope
1088 1366 1353 1406 Romanorum
1369 1364 1650 1418 Imperatorum
1663 1362 1741 1404 sine
1755 1363 1812 1403 his
1825 1360 1950 1403 fuisse.-
1966 1360 2011 1400 &

408 1418 554 1461 fatuum
569 1416 641 1458 effe
661 1417 766 1458 aliud
781 1415 933 1472 sperare
948 1420 968 1458 a
983 1430 1089 1459 tanta
1118 1419 1276 1460 militum
1301 1419 1490 1464 colluuie‚
1517 1421 1537 1459 ὲ
1561 1419 1792 1460 diuersarum
1807 1418 2012 1474 gentium-3

408 1475 705 1530 despumatione
723 1475 910 1516 collecta.
941 1477 1149 1532 Inopinata
1172 1475 1445 1532 insurgebant?
1467 1477 1564 1517 nihil
1587 1478 1662 1518 illis
1678 1478 1925 1532 inopinatum
1942 1487 2016 1525 vng

411 1548 549 1588 quam,
573 1532 923 1586 nilimprouidum.
954 1533 1105 1585 Magnae
1124 1533 1243 1574 causae
1265 1548 1481 1590 magnarum
1506 1532 1759 1576 offenfionum
1774 1531 2012 1587 praebeban-

414 1602 479 1631 tur
492 1600 507 1630 ?
537 1593 661 1644 magni
676 1588 748 1629 effe
768 1592 878 1629 animi
893 1589 1084 1643 putabant
1094 1594 1428 1632 noncommoueri
1440 1606 1453 1630 .·
1478 1605 1596 1646 quare
1607 1590 1933 1632 stabantinterriti
1946 1616 1956 1632 ‚
1971 1597 2013 1627 vt

410 1650 450 1689 in
466 1646 590 1688 aliena
603 1645 735 1688 causa.
768 1650 963 1701 ingratum
991 1646 1025 1687 se
1046 1647 1119 1688 illis
1142 1646 1337 1703 quisquam
1357 1648 1587 1703 praebebat?
1605 1648 1740 1688 dicere
1761 1657 1873 1687 erant
1887 1644 2012 1689 soliti,

411 1707 595 1759 ignorare
611 1703 860 1744 humanarum
874 1718 996 1744 rerum
1010 1705 1285 1746 conditionem
1296 1734 1306 1750 ,
1327 1706 1393 1759 qui
1409 1705 1509 1745 aliud
1523 1704 1593 1746 fibi
1604 1714 1878 1760 proponeret;
1900 1716 1944 1742 ac
1954 1705 2017 1752 ing·

409 1759 693 1803 ter-beneficia
716 1763 964 1815 ponendum,
984 1760 1010 1802 si
1035 1762 1124 1816 post
1136 1762 1323 1804 beneficia
1337 1774 1471 1817 gratos
1481 1763 1746 1816 experiretur:
1768 1761 1796 1803 fi
1816 1761 2013 1814 ingratosj

405 1821 510 1861 inter
519 1817 683 1858 humana
694 1818 972 1858 numerandum
987 1849 996 1858 .
1033 1819 1251 1860 Addebant
1265 1824 1388 1874 magni
1401 1819 1493 1860 boni
1508 1820 1646 1873 signum
1664 1817 1736 1858 effe
1749 1818 1934 1858 conuicia
1946 1828 2020 1870 pa·

407 1878 441 1916 ti
462 1906 472 1920 ,
491 1887 576 1928 quae
590 1872 1029 1929 nunquamimpeterent
1042 1877 1130 1916 vilia
1146 1876 1188 1916 ὅ(
1204 1876 1362 1930 plebeia
1376 1899 1387 1919 ‚
1406 1875 1468 1915 sed
1499 1876 1575 1916 alta
1601 1877 1642 1916 ὅ(
1666 1874 1778 1930 supra
1793 1874 1924 1929 vulgus
1937 1876 2015 1914 lur-
2037 1891 2085 1950 C

409 1934 559 1987 gentia;
576 1933 861 1985 propriumque
878 1945 1100 1985 magnorum
1113 1933 1260 1987 Regum
1275 1930 1350 1974 esse
1363 1933 1562 1973 liberiores
1575 1931 1719 1987 linguas
1732 1935 1840 1986 path
1864 1942 1939 1970 nec
1955 1929 2009 1970 vl·

409 1990 497 2029 lare
510 1987 579 2027 alia
589 1985 806 2028 faciliusilla
832 2002 945 2042 quam
967 1999 1198 2044 contemptu
1215 1990 1318 2029 vinci
1333 2018 1342 2027 .
1379 1991 1580 2030 Victorem
1602 1989 1774 2045 proinde
1787 1987 2012 2028 statuebant

409 2046 565 2086 illorum
582 2055 896 2098 contemptorem
909 2058 920 2088 3
933 2046 1072 2085 vissum
1088 2048 1155 2100 qui
1173 2045 1208 2086 se
1222 2045 1349 2087 obilla
1361 2057 1591 2101 torqueret.
1621 2046 1730 2088 T-*alis
1747 2058 1912 2099 namque
1924 2053 2012 2087 erat-

407 2114 577 2143 veterum
593 2102 858 2142 Romanorum
875 2100 1124 2145 Constantia:
1151 2117 1323 2157 magnum
1340 2102 1413 2143 effe
1428 2114 1630 2158 putantes,
1657 2101 1815 2160 placida
1835 2101 2012 2155 semper»

407 2157 689 2200 &inconcussa
706 2169 832 2200 mente
842 2162 943 2201 inter
955 2162 1175 2202 minitantes
1189 2159 1289 2202 caelo
1302 2158 1439 2202 flustus
1455 2162 1585 2202 viuere
1597 2189 1607 2206 ,
1631 2161 1808 2203 omnibus
1830 2159 2011 2200 iactatio-2

406 2217 519 2259 nibus
535 2219 716 2259 maiores.

836 2303 1596 2394 CONTINENTIA.

514 2446 749 2488 Ontinentia
764 2444 965 2500 praediffls
988 2446 1182 2488 adhaeret.
1213 2447 1304 2487 Non
1317 2445 1449 2487 iniuste
1464 2446 1627 2488 alienum
1639 2454 1828 2501 appetere
1845 2472 1856 2489 ,
1879 2457 2006 2499 parce

405 2449 498 2552 C
530 2505 571 2543 ὃ(
585 2504 736 2544 modice
750 2502 817 2543 suo
829 2505 899 2548 vti;
914 2517 1000 2544 cum
1015 2507 1129 2545 etiam
1144 2506 1180 2544 in
1196 2502 1280 2559 ipso
1299 2504 1406 2544 bello
1420 2505 1575 2545 &inter
1585 2501 1714 2544 hostes
1725 2502 1867 2557 praedae
1884 2499 2009 2541 absti-

405 2564 537 2601 nentia
549 2560 685 2604 fuerit,
709 2574 796 2617 quae
808 2574 887 2601 non
903 2560 970 2601 nisi
978 2561 1156 2617 permissa
1167 2571 1285 2616 capta
1298 2576 1309 2606 3
1338 2562 1378 2603 δε
1393 2560 1446 2601 fic
1460 2572 1620 2617 quoque
1635 2569 1717 2600 tota
1731 2559 1782 2601 ad
1794 2559 1931 2600 Duces
1942 2571 2005 2598 ree

407 2617 537 2659 latas.
776 2632 778 2640 ’
1710 2650 1711 2653 ¹
1772 2636 1789 2653 ’-
1840 2632 1882 2652 ff
1963 2634 1965 2636 ·

465 2675 508 2713 ln
524 2674 1016 2717 Continentia-laudabiles
1027 2689 1187 2731 quoque
1201 2674 1303 2717 fuiffe
1317 2677 1518 2720 Romanos
1529 2677 1635 2715 eirca
1645 2674 1788 2715 vietum
1801 2700 1811 2718 ,
1832 2670 2007 2713 vestem.-v
2046 2709 2079 2731 ,s

408 2730 452 2769 &
467 2731 733 2773 aliaexterna:
759 2747 844 2773 nam
859 2746 907 2773 ex
918 2733 1041 2774 Plinio
1061 2732 1249 2789 Populum
1268 2734 1486 2774 Romanum
1503 2745 1573 2787 per
1585 2730 1737 2785 aliquot
1748 2728 2004 2770 saeculavnon„
2032 2732 2087 2784 D

405 2785 472 2828 nisi
483 2784 603 2832 farre,
619 2788 661 2827 &
677 2788 784 2842 pulte
796 2787 917 2835 Vsum,
939 2802 980 2831 vt
998 2789 1142 2833 referat
1155 2791 1333 2831 Valerius
1343 2805 1357 2830 .·
1385 2793 1502 2831 Erant
1513 2787 1602 2828 adeo
1615 2787 2006 2831 continentiaeattenti,'

405 2851 455 2883 vt-
467 2841 705 2897 frequentior
716 2845 882 2895 apudeos
894 2848 1011 2897 pultis
1023 2848 1112 2901 vfits
1123 2870 1134 2890 ‚
1155 2861 1265 2901 quam
1270 2849 1380 2899 panis
1390 2844 1490 2902 effiw:
1508 2843 1645 2897 'Quod
1665 2842 1691 2884 fi
1707 2843 1931 2884 conuiufium-
1943 2839 2008 2882 so·-

404 2896 889 2955 lemneiuifl'et,pisciculi·‚
904 2904 947 2941 &
964 2906 1128 2956 porcina
1144 2916 1238 2944 caro
1253 2906 1290 2942 in
1305 2900 1505 2942 obsonium
1522 2900 1832 2951 adijciebantur:
1853 2899 1999 2940 etenim

404 2956 485 2999 hoc
497 2955 602 2997 fuiffe
616 2958 803 2998 indicium
817 2955 934 3008 sobi-ij
949 2958 1087 3002 saeculi,
1105 2973 1191 3001 cum
1207 2959 1270 2999 tali
1285 2956 1521 3014 praescripto
1533 2959 1655 3014 legum
1671 2960 1923 2998 coerceretur
1933 2951 2002 2996 eit-2

402 3011 520 3068 pensa
538 3027 743 3054 coenarum
756 3046 764 3053 .
783 3014 950 3069 Augusta
962 3020 1148 3070 grauitate
1164 3016 1335 3056 conditae
1349 3027 1462 3057 erant
1484 3017 1712 3070 Principum
1730 3015 1999 3055 Romanorum

403 3068 540 3111 mensae
551 3100 561 3115 ,
576 3069 640 3111 sed
658 3072 1062 3120 maximaparlimonia
1076 3104 1084 3114 .
1117 3075 1178 3113 De
1192 3071 1365 3127 Augusto
1379 3075 1605 3114 Suetonius:
1638 3076 1782 3113 Coenam
1796 3070 2001 3117 terntsfir-

405 3127 510 3171 culis,
523 3138 589 3166 aut
601 3124 976 3183 vtabundantgfflm?‚
996 3129 1097 3182 finis
1104 3129 1289 3182 praebebat
1300 3143 1310 3174 ;
1323 3139 1372 3168 vt
1380 3142 1452 3171 non
1465 3133 1578 3170 nimio
1591 3130 1742 3182 sitmptu
1757 3129 1834 3170 ‚ita
1853 3125 2004 3180 fhmma

406 3185 596 3223 comitate.-
622 3197 695 3223 non
717 3184 871 3235 amplius
883 3184 947 3238 {ter
960 3184 1080 3225 bibere
1098 3186 1230 3241 salitus
1249 3185 1362 3239 stiper
1373 3200 1515 3226 ‘caenam
1530 3217 1539 3226 .
1570 3185 1654 3225 Cibi
1673 3185 1816 3223 minimi
1827 3192 1907 3222 erat
1920 3203 1932 3224 ›
1960 3193 2005 3220 ac

407 3239 572 3290 vulgaris
599 3239 686 3293 fir&
706 3274 714 3284 .
756 3240 997 3284 Inflrumenti
1030 3246 1105 3283 eius
1128 3243 1363 3297 stapellefflilis
1377 3242 1601 3298 parfimonia
1622 3248 1777 3296 apparet
1796 3253 1808 3279 :
1841 3251 1905 3335 nac
1923 3246 2006 3284 toro

1801 3310 1866 3354 qut
1894 3306 1948 3335 em
