<?xml version="1.0" encoding="UTF-8"?>
<!DOCTYPE html PUBLIC "-//W3C//DTD XHTML 1.0 Transitional//EN"
    "http://www.w3.org/TR/xhtml1/DTD/xhtml1-transitional.dtd">
<html xmlns="http://www.w3.org/1999/xhtml" xml:lang="en" lang="en">
 <head>
  <title>
</title>
<meta http-equiv="Content-Type" content="text/html;charset=utf-8" />
  <meta name='ocr-system' content='tesseract 3.04.00' />
  <meta name='ocr-capabilities' content='ocr_page ocr_carea ocr_par ocr_line ocrx_word'/>
</head>
<body>
  <div class='ocr_page' id='page_1' title='image "./devrbisacromanio00casa_0020.png"; bbox 0 0 2206 3480; ppageno 0'>
   <div class='ocr_carea' id='block_1_1' title="bbox 445 55 1887 124">
    <p class='ocr_par' dir='ltr' id='par_1_1' title="bbox 445 55 1887 124">
     <span class='ocr_line' id='line_1_1' title="bbox 445 55 1887 124; baseline -0.012 0"><span class='ocrx_word' id='word_1_1' title='bbox 445 89 467 124; x_wconf 86' lang='lat'>8</span> <span class='ocrx_word' id='word_1_2' title='bbox 627 68 731 120; x_wconf 88' lang='lat' dir='ltr'>DE</span> <span class='ocrx_word' id='word_1_3' title='bbox 770 58 1086 116; x_wconf 83' lang='lat' dir='ltr'>ROM&#39;AN.</span> <span class='ocrx_word' id='word_1_4' title='bbox 1127 55 1556 109; x_wconf 70' lang='lat' dir='ltr'>ViR113.SEV</span> <span class='ocrx_word' id='word_1_5' title='bbox 1600 57 1887 109; x_wconf 66' lang='lat' dir='ltr'><strong>POTEN.</strong></span> 
     </span>
    </p>
   </div>
   <div class='ocr_carea' id='block_1_2' title="bbox 217 146 2157 3258">
    <p class='ocr_par' dir='ltr' id='par_1_2' title="bbox 217 146 2157 3258">
     <span class='ocr_line' id='line_1_2' title="bbox 451 146 2100 211; baseline -0.006 -7"><span class='ocrx_word' id='word_1_6' title='bbox 451 164 554 204; x_wconf 58' lang='lat' dir='ltr'>&gt;Nam</span> <span class='ocrx_word' id='word_1_7' title='bbox 565 172 708 202; x_wconf 88' lang='lat' dir='ltr'>remum</span> <span class='ocrx_word' id='word_1_8' title='bbox 725 157 767 198; x_wconf 74' lang='grc' dir='ltr'>ὃ(</span> <span class='ocrx_word' id='word_1_9' title='bbox 781 156 915 197; x_wconf 82' lang='lat' dir='ltr'>tubam</span> <span class='ocrx_word' id='word_1_10' title='bbox 930 152 1016 196; x_wconf 85' lang='lat' dir='ltr'>dat,</span> <span class='ocrx_word' id='word_1_11' title='bbox 1030 148 1344 211; x_wconf 59' lang='lat' dir='ltr'>ipraefignificans</span> <span class='ocrx_word' id='word_1_12' title='bbox 1360 148 1489 190; x_wconf 88' lang='lat' dir='ltr'>locum</span> <span class='ocrx_word' id='word_1_13' title='bbox 1502 146 1610 191; x_wconf 80' lang='lat' dir='ltr'>hunc</span> <span class='ocrx_word' id='word_1_14' title='bbox 1631 147 1795 195; x_wconf 79' lang='lat' dir='ltr'>futurum</span> <span class='ocrx_word' id='word_1_15' title='bbox 1807 183 1817 198; x_wconf 89' lang='lat'><strong>,</strong></span> <span class='ocrx_word' id='word_1_16' title='bbox 1844 153 1908 195; x_wconf 81' lang='lat' dir='ltr'>vbi</span> <span class='ocrx_word' id='word_1_17' title='bbox 1923 159 2034 195; x_wconf 87' lang='lat' dir='ltr'>remi-</span> <span class='ocrx_word' id='word_1_18' title='bbox 2064 161 2100 208; x_wconf 70' lang='grc' dir='ltr'><strong>Α</strong></span> 
     </span>
     <span class='ocr_line' id='line_1_3' title="bbox 451 206 2033 276; baseline -0.006 -16"><span class='ocrx_word' id='word_1_19' title='bbox 451 234 515 276; x_wconf 82' lang='lat' dir='ltr'>ges</span> <span class='ocrx_word' id='word_1_20' title='bbox 530 219 720 259; x_wconf 88' lang='lat' dir='ltr'>&amp;milites</span> <span class='ocrx_word' id='word_1_21' title='bbox 734 228 820 255; x_wconf 83' lang='lat' dir='ltr'>cum</span> <span class='ocrx_word' id='word_1_22' title='bbox 835 213 927 253; x_wconf 89' lang='lat' dir='ltr'>tuba</span> <span class='ocrx_word' id='word_1_23' title='bbox 940 213 978 250; x_wconf 87' lang='lat' dir='ltr'>in</span> <span class='ocrx_word' id='word_1_24' title='bbox 992 207 1113 249; x_wconf 80' lang='lat' dir='ltr'>Claffe</span> <span class='ocrx_word' id='word_1_25' title='bbox 1128 206 1267 247; x_wconf 78' lang='lat' dir='ltr'>essent:</span> <span class='ocrx_word' id='word_1_26' title='bbox 1291 207 1445 247; x_wconf 86' lang='lat' dir='ltr'>alteram</span> <span class='ocrx_word' id='word_1_27' title='bbox 1461 208 1493 247; x_wconf 88' lang='lat' dir='ltr'><strong>R</strong></span> <span class='ocrx_word' id='word_1_28' title='bbox 1505 222 1659 249; x_wconf 84' lang='lat' dir='ltr'>auennae</span> <span class='ocrx_word' id='word_1_29' title='bbox 1674 210 1855 256; x_wconf 74' lang='lat' dir='ltr'>Classem,</span> <span class='ocrx_word' id='word_1_30' title='bbox 1885 211 2033 251; x_wconf 63' lang='lat' dir='ltr'>nobile,</span> 
     </span>
     <span class='ocr_line' id='line_1_4' title="bbox 452 263 2034 333; baseline -0.006 -16"><span class='ocrx_word' id='word_1_31' title='bbox 452 276 642 333; x_wconf 89' lang='lat' dir='ltr'>oppidum</span> <span class='ocrx_word' id='word_1_32' title='bbox 658 275 769 314; x_wconf 84' lang='lat' dir='ltr'>etiam</span> <span class='ocrx_word' id='word_1_33' title='bbox 779 271 832 310; x_wconf 91' lang='lat' dir='ltr'>ob</span> <span class='ocrx_word' id='word_1_34' title='bbox 845 267 970 309; x_wconf 85' lang='lat' dir='ltr'>sedem</span> <span class='ocrx_word' id='word_1_35' title='bbox 987 266 1112 319; x_wconf 86' lang='lat' dir='ltr'>Regni</span> <span class='ocrx_word' id='word_1_36' title='bbox 1126 263 1352 303; x_wconf 87' lang='lat' dir='ltr'>Gothorum</span> <span class='ocrx_word' id='word_1_37' title='bbox 1363 292 1373 308; x_wconf 92' lang='lat'>‚</span> <span class='ocrx_word' id='word_1_38' title='bbox 1398 263 1581 304; x_wconf 80' lang='lat' dir='ltr'>notificat</span> <span class='ocrx_word' id='word_1_39' title='bbox 1602 269 1813 306; x_wconf 84' lang='lat' dir='ltr'>Iornandes</span> <span class='ocrx_word' id='word_1_40' title='bbox 1823 267 1881 308; x_wconf 87' lang='lat' dir='ltr'>his</span> <span class='ocrx_word' id='word_1_41' title='bbox 1894 269 2034 308; x_wconf 81' lang='lat' dir='ltr'>verbis:</span> 
     </span>
     <span class='ocr_line' id='line_1_5' title="bbox 453 319 2035 381; baseline -0.008 -5"><span class='ocrx_word' id='word_1_42' title='bbox 453 342 484 377; x_wconf 78' lang='lat' dir='ltr'><strong><em>A</em></strong></span> <span class='ocrx_word' id='word_1_43' title='bbox 499 332 648 373; x_wconf 85' lang='lat' dir='ltr'>meridie</span> <span class='ocrx_word' id='word_1_44' title='bbox 656 328 775 371; x_wconf 84' lang='lat' dir='ltr'>Padus</span> <span class='ocrx_word' id='word_1_45' title='bbox 784 349 796 370; x_wconf 72' lang='lat'><em>2</em></span> <span class='ocrx_word' id='word_1_46' title='bbox 817 328 882 380; x_wconf 88' lang='lat' dir='ltr'>qui</span> <span class='ocrx_word' id='word_1_47' title='bbox 893 324 939 366; x_wconf 64' lang='grc' dir='ltr'>ἐν</span> <span class='ocrx_word' id='word_1_48' title='bbox 951 321 1134 363; x_wconf 83' lang='lat' dir='ltr'><em>Eridanus</em></span> <span class='ocrx_word' id='word_1_49' title='bbox 1144 320 1191 359; x_wconf 87' lang='lat' dir='ltr'>ab</span> <span class='ocrx_word' id='word_1_50' title='bbox 1201 320 1358 373; x_wconf 58' lang='lat' dir='ltr'>Augusto</span> <span class='ocrx_word' id='word_1_51' title='bbox 1368 323 1591 372; x_wconf 83' lang='lat' dir='ltr'><em>Imperatore</em></span> <span class='ocrx_word' id='word_1_52' title='bbox 1599 319 1765 376; x_wconf 81' lang='lat' dir='ltr'>alttfflma</span> <span class='ocrx_word' id='word_1_53' title='bbox 1771 321 1868 381; x_wconf 77' lang='lat' dir='ltr'>soffiz</span> <span class='ocrx_word' id='word_1_54' title='bbox 1879 323 2035 381; x_wconf 71' lang='lat' dir='ltr'>demffas</span> 
     </span>
     <span class='ocr_line' id='line_1_6' title="bbox 453 376 2031 446; baseline -0.008 -18"><span class='ocrx_word' id='word_1_55' title='bbox 453 388 681 446; x_wconf 69' lang='lat' dir='ltr'>quiseptima</span> <span class='ocrx_word' id='word_1_56' title='bbox 691 383 754 438; x_wconf 63' lang='lat' dir='ltr'>fiss&#39;</span> <span class='ocrx_word' id='word_1_57' title='bbox 762 376 1100 433; x_wconf 79' lang='lat' dir='ltr'>alueiparteinfluit</span> <span class='ocrx_word' id='word_1_58' title='bbox 1111 379 1316 417; x_wconf 83' lang='lat' dir='ltr'>ciuitatem:</span> <span class='ocrx_word' id='word_1_59' title='bbox 1343 378 1395 417; x_wconf 87' lang='lat' dir='ltr'>ad</span> <span class='ocrx_word' id='word_1_60' title='bbox 1409 376 1501 417; x_wconf 65' lang='lat' dir='ltr'>ostia</span> <span class='ocrx_word' id='word_1_61' title='bbox 1509 377 1576 432; x_wconf 81' lang='lat' dir='ltr'>fiti</span> <span class='ocrx_word' id='word_1_62' title='bbox 1597 378 1863 433; x_wconf 82' lang='lat' dir='ltr'>amoentffimum</span> <span class='ocrx_word' id='word_1_63' title='bbox 1878 391 2031 433; x_wconf 79' lang='lat' dir='ltr'>portum</span> 
     </span>
     <span class='ocr_line' id='line_1_7' title="bbox 454 434 2036 497; baseline -0.008 -9"><span class='ocrx_word' id='word_1_64' title='bbox 454 446 589 488; x_wconf 78' lang='lat' dir='ltr'><em>habens</em></span> <span class='ocrx_word' id='word_1_65' title='bbox 599 468 609 487; x_wconf 83' lang='lat'>‚</span> <span class='ocrx_word' id='word_1_66' title='bbox 619 446 684 497; x_wconf 81' lang='lat' dir='ltr'>qui</span> <span class='ocrx_word' id='word_1_67' title='bbox 692 437 822 492; x_wconf 60' lang='lat' dir='ltr'><em>clcfiem</em></span> <span class='ocrx_word' id='word_1_68' title='bbox 833 438 1068 478; x_wconf 75' lang='lat' dir='ltr'>ducentarum</span> <span class='ocrx_word' id='word_1_69' title='bbox 1079 437 1343 489; x_wconf 74' lang='lat' dir='ltr'><em>quinquaginta</em></span> <span class='ocrx_word' id='word_1_70' title='bbox 1356 437 1506 474; x_wconf 76' lang='lat' dir='ltr'>nauium</span> <span class='ocrx_word' id='word_1_71' title='bbox 1516 458 1526 478; x_wconf 72' lang='lat'><em>2</em></span> <span class='ocrx_word' id='word_1_72' title='bbox 1537 437 1655 475; x_wconf 88' lang='lat' dir='ltr'>Dione</span> <span class='ocrx_word' id='word_1_73' title='bbox 1663 435 1859 487; x_wconf 63' lang='lat' dir='ltr'>referente,</span> <span class='ocrx_word' id='word_1_74' title='bbox 1868 434 2036 491; x_wconf 73' lang='lat' dir='ltr'>tutffma</span> 
     </span>
     <span class='ocr_line' id='line_1_8' title="bbox 455 491 2035 548; baseline -0.006 -6"><span class='ocrx_word' id='word_1_75' title='bbox 455 502 591 544; x_wconf 81' lang='lat' dir='ltr'>dudum</span> <span class='ocrx_word' id='word_1_76' title='bbox 604 497 815 538; x_wconf 84' lang='lat' dir='ltr'><em>credebatur</em></span> <span class='ocrx_word' id='word_1_77' title='bbox 828 497 984 545; x_wconf 79' lang='lat' dir='ltr'>recipere</span> <span class='ocrx_word' id='word_1_78' title='bbox 998 492 1154 544; x_wconf 65' lang='lat' dir='ltr'>flatione</span> <span class='ocrx_word' id='word_1_79' title='bbox 1165 523 1173 531; x_wconf 90' lang='lat'>.</span> <span class='ocrx_word' id='word_1_80' title='bbox 1204 491 1290 547; x_wconf 73' lang='lat' dir='ltr'>Qi</span> <span class='ocrx_word' id='word_1_81' title='bbox 1300 503 1397 530; x_wconf 78' lang='lat' dir='ltr'>nune</span> <span class='ocrx_word' id='word_1_82' title='bbox 1406 520 1416 534; x_wconf 92' lang='lat'><strong>,</strong></span> <span class='ocrx_word' id='word_1_83' title='bbox 1433 502 1482 530; x_wconf 85' lang='lat' dir='ltr'>vt</span> <span class='ocrx_word' id='word_1_84' title='bbox 1489 491 1621 531; x_wconf 81' lang='lat' dir='ltr'><em>Fabius</em></span> <span class='ocrx_word' id='word_1_85' title='bbox 1631 497 1686 533; x_wconf 83' lang='lat' dir='ltr'>ait</span> <span class='ocrx_word' id='word_1_86' title='bbox 1695 522 1705 537; x_wconf 90' lang='lat'>,</span> <span class='ocrx_word' id='word_1_87' title='bbox 1728 494 1829 548; x_wconf 81' lang='lat' dir='ltr'>quod</span> <span class='ocrx_word' id='word_1_88' title='bbox 1836 493 2035 548; x_wconf 77' lang='lat' dir='ltr'>aliquando</span> 
     </span>
     <span class='ocr_line' id='line_1_9' title="bbox 451 547 2038 612; baseline -0.003 -20"><span class='ocrx_word' id='word_1_89' title='bbox 451 567 581 612; x_wconf 72' lang='lat' dir='ltr'>portus</span> <span class='ocrx_word' id='word_1_90' title='bbox 592 549 1016 607; x_wconf 69' lang='lat' dir='ltr'>fherat‚§]7ati12stssimos</span> <span class='ocrx_word' id='word_1_91' title='bbox 1025 549 1149 590; x_wconf 75' lang='lat' dir='ltr'>hortos</span> <span class='ocrx_word' id='word_1_92' title='bbox 1163 547 1318 587; x_wconf 62' lang='lat' dir='ltr'>offendit</span> <span class='ocrx_word' id='word_1_93' title='bbox 1333 578 1342 593; x_wconf 82' lang='grc'>,</span> <span class='ocrx_word' id='word_1_94' title='bbox 1356 547 1547 587; x_wconf 82' lang='lat' dir='ltr'>arboribus</span> <span class='ocrx_word' id='word_1_95' title='bbox 1554 550 1698 600; x_wconf 82' lang='lat' dir='ltr'>plenos,</span> <span class='ocrx_word' id='word_1_96' title='bbox 1713 563 1842 590; x_wconf 73' lang='lat' dir='ltr'>verum</span> <span class='ocrx_word' id='word_1_97' title='bbox 1856 550 1900 589; x_wconf 89' lang='lat' dir='ltr'>de</span> <span class='ocrx_word' id='word_1_98' title='bbox 1909 549 2038 604; x_wconf 80' lang='lat' dir='ltr'>quibus</span> 
     </span>
     <span class='ocr_line' id='line_1_10' title="bbox 449 604 2038 668; baseline -0.005 -14"><span class='ocrx_word' id='word_1_99' title='bbox 449 611 634 668; x_wconf 83' lang='lat' dir='ltr'><em>pendeant</em></span> <span class='ocrx_word' id='word_1_100' title='bbox 646 623 717 651; x_wconf 91' lang='lat' dir='ltr'>non</span> <span class='ocrx_word' id='word_1_101' title='bbox 733 609 818 648; x_wconf 81' lang='lat' dir='ltr'><em>vela</em></span> <span class='ocrx_word' id='word_1_102' title='bbox 821 605 890 664; x_wconf 80' lang='lat' dir='ltr'>sed</span> <span class='ocrx_word' id='word_1_103' title='bbox 895 618 1004 659; x_wconf 83' lang='lat' dir='ltr'>poma</span> <span class='ocrx_word' id='word_1_104' title='bbox 1017 637 1024 645; x_wconf 97' lang='lat'>.</span> <span class='ocrx_word' id='word_1_105' title='bbox 1038 609 1173 659; x_wconf 86' lang='lat' dir='ltr'>Atque</span> <span class='ocrx_word' id='word_1_106' title='bbox 1183 604 1243 646; x_wconf 85' lang='lat' dir='ltr'>hae</span> <span class='ocrx_word' id='word_1_107' title='bbox 1259 605 1344 646; x_wconf 81' lang='lat' dir='ltr'>duae</span> <span class='ocrx_word' id='word_1_108' title='bbox 1357 608 1519 644; x_wconf 83' lang='lat' dir='ltr'>maiores</span> <span class='ocrx_word' id='word_1_109' title='bbox 1532 605 1663 645; x_wconf 80' lang='lat' dir='ltr'>claffes</span> <span class='ocrx_word' id='word_1_110' title='bbox 1678 609 1885 647; x_wconf 81' lang='lat' dir='ltr'>maritimae:</span> <span class='ocrx_word' id='word_1_111' title='bbox 1904 607 2038 662; x_wconf 69' lang='lat' dir='ltr'>sequu-</span> 
     </span>
     <span class='ocr_line' id='line_1_11' title="bbox 456 661 2041 717; baseline -0.007 -5"><span class='ocrx_word' id='word_1_112' title='bbox 456 682 520 712; x_wconf 90' lang='lat' dir='ltr'>tur</span> <span class='ocrx_word' id='word_1_113' title='bbox 532 669 612 711; x_wconf 80' lang='lat' dir='ltr'>aliae</span> <span class='ocrx_word' id='word_1_114' title='bbox 628 669 712 708; x_wconf 84' lang='lat' dir='ltr'>duae</span> <span class='ocrx_word' id='word_1_115' title='bbox 734 669 920 707; x_wconf 84' lang='lat' dir='ltr'>minores.</span> <span class='ocrx_word' id='word_1_116' title='bbox 952 663 1066 703; x_wconf 80' lang='lat' dir='ltr'>Prior</span> <span class='ocrx_word' id='word_1_117' title='bbox 1084 667 1121 701; x_wconf 82' lang='lat' dir='ltr'>in</span> <span class='ocrx_word' id='word_1_118' title='bbox 1147 674 1264 715; x_wconf 89' lang='lat' dir='ltr'>portu</span> <span class='ocrx_word' id='word_1_119' title='bbox 1287 661 1533 701; x_wconf 79' lang='lat' dir='ltr'>Foroiuliensi</span> <span class='ocrx_word' id='word_1_120' title='bbox 1553 663 1601 702; x_wconf 84' lang='lat' dir='ltr'>ad</span> <span class='ocrx_word' id='word_1_121' title='bbox 1614 661 1731 717; x_wconf 87' lang='lat' dir='ltr'>ipsam</span> <span class='ocrx_word' id='word_1_122' title='bbox 1746 664 1912 704; x_wconf 75' lang='lat' dir='ltr'>Galliam</span> <span class='ocrx_word' id='word_1_123' title='bbox 1929 675 2041 704; x_wconf 89' lang='lat' dir='ltr'>tuen-</span> 
     </span>
     <span class='ocr_line' id='line_1_12' title="bbox 458 718 2040 773; baseline -0.005 -4"><span class='ocrx_word' id='word_1_124' title='bbox 458 729 546 770; x_wconf 86' lang='lat' dir='ltr'>dam</span> <span class='ocrx_word' id='word_1_125' title='bbox 558 757 569 772; x_wconf 89' lang='lat'><em>‚</em></span> <span class='ocrx_word' id='word_1_126' title='bbox 592 723 905 773; x_wconf 83' lang='lat' dir='ltr'>Tacit-4.Annal.</span> <span class='ocrx_word' id='word_1_127' title='bbox 920 720 973 761; x_wconf 86' lang='lat' dir='ltr'>ibi</span> <span class='ocrx_word' id='word_1_128' title='bbox 988 734 996 760; x_wconf 91' lang='lat'>:</span> <span class='ocrx_word' id='word_1_129' title='bbox 1011 719 1355 769; x_wconf 74' lang='lat' dir='ltr'>Galliaeproximztm</span> <span class='ocrx_word' id='word_1_130' title='bbox 1377 719 1461 757; x_wconf 70' lang='lat' dir='ltr'>litus</span> <span class='ocrx_word' id='word_1_131' title='bbox 1473 718 1638 761; x_wconf 63' lang='lat' dir='ltr'>rostrata</span> <span class='ocrx_word' id='word_1_132' title='bbox 1649 733 1770 762; x_wconf 66' lang='lat' dir='ltr'>naues,</span> <span class='ocrx_word' id='word_1_133' title='bbox 1783 720 2020 773; x_wconf 79' lang='lat' dir='ltr'>praefidebant</span> <span class='ocrx_word' id='word_1_134' title='bbox 2030 748 2040 762; x_wconf 85' lang='lat'><em>‚</em></span> 
     </span>
     <span class='ocr_line' id='line_1_13' title="bbox 455 775 2044 831; baseline -0.006 -7"><span class='ocrx_word' id='word_1_135' title='bbox 455 786 602 828; x_wconf 69' lang='lat' dir='ltr'>AHiaca</span> <span class='ocrx_word' id='word_1_136' title='bbox 613 783 772 822; x_wconf 67' lang='lat' dir='ltr'>viHoria</span> <span class='ocrx_word' id='word_1_137' title='bbox 785 788 924 831; x_wconf 84' lang='lat' dir='ltr'>captas,</span> <span class='ocrx_word' id='word_1_138' title='bbox 938 775 1114 829; x_wconf 59' lang='lat' dir='ltr'>Augustus</span> <span class='ocrx_word' id='word_1_139' title='bbox 1124 779 1163 814; x_wconf 84' lang='lat' dir='ltr'>in</span> <span class='ocrx_word' id='word_1_140' title='bbox 1173 775 1342 826; x_wconf 77' lang='lat' dir='ltr'>oppidum</span> <span class='ocrx_word' id='word_1_141' title='bbox 1353 775 1590 827; x_wconf 70' lang='lat' dir='ltr'>Foroiuliense</span> <span class='ocrx_word' id='word_1_142' title='bbox 1601 777 1747 831; x_wconf 70' lang='lat' dir='ltr'>mzstrat</span> <span class='ocrx_word' id='word_1_143' title='bbox 1759 777 1887 816; x_wconf 84' lang='lat' dir='ltr'>valido</span> <span class='ocrx_word' id='word_1_144' title='bbox 1901 790 1977 816; x_wconf 85' lang='lat' dir='ltr'>cum</span> <span class='ocrx_word' id='word_1_145' title='bbox 1986 790 2044 814; x_wconf 85' lang='lat' dir='ltr'>re-</span> 
     </span>
     <span class='ocr_line' id='line_1_14' title="bbox 455 831 2043 894; baseline -0.008 -12"><span class='ocrx_word' id='word_1_146' title='bbox 455 845 547 894; x_wconf 84' lang='lat' dir='ltr'>mige</span> <span class='ocrx_word' id='word_1_147' title='bbox 562 873 570 881; x_wconf 94' lang='lat'><strong>.</strong></span> <span class='ocrx_word' id='word_1_148' title='bbox 588 839 722 881; x_wconf 81' lang='lat' dir='ltr'>Altera</span> <span class='ocrx_word' id='word_1_149' title='bbox 736 838 906 877; x_wconf 87' lang='lat' dir='ltr'>minorin</span> <span class='ocrx_word' id='word_1_150' title='bbox 923 831 1006 888; x_wconf 89' lang='lat' dir='ltr'>ipso</span> <span class='ocrx_word' id='word_1_151' title='bbox 1021 833 1152 872; x_wconf 89' lang='lat' dir='ltr'>Ponto</span> <span class='ocrx_word' id='word_1_152' title='bbox 1166 860 1175 875; x_wconf 90' lang='lat'><em>,</em></span> <span class='ocrx_word' id='word_1_153' title='bbox 1198 831 1312 876; x_wconf 88' lang='lat' dir='ltr'>idest,</span> <span class='ocrx_word' id='word_1_154' title='bbox 1328 833 1366 872; x_wconf 90' lang='lat' dir='ltr'>in</span> <span class='ocrx_word' id='word_1_155' title='bbox 1390 832 1521 885; x_wconf 84' lang='lat' dir='ltr'>capite</span> <span class='ocrx_word' id='word_1_156' title='bbox 1539 833 1580 872; x_wconf 85' lang='lat'>&amp;</span> <span class='ocrx_word' id='word_1_157' title='bbox 1602 831 1732 873; x_wconf 88' lang='lat' dir='ltr'>fronte</span> <span class='ocrx_word' id='word_1_158' title='bbox 1760 834 2043 874; x_wconf 78' lang='lat' dir='ltr'>Mediterranei</span> 
     </span>
     <span class='ocr_line' id='line_1_15' title="bbox 458 885 2046 950; baseline -0.008 -11"><span class='ocrx_word' id='word_1_159' title='bbox 458 901 568 939; x_wconf 87' lang='lat' dir='ltr'>maris</span> <span class='ocrx_word' id='word_1_160' title='bbox 580 913 590 942; x_wconf 88' lang='lat'>;</span> <span class='ocrx_word' id='word_1_161' title='bbox 605 896 652 936; x_wconf 94' lang='lat' dir='ltr'>de</span> <span class='ocrx_word' id='word_1_162' title='bbox 668 909 744 950; x_wconf 87' lang='lat' dir='ltr'>qua</span> <span class='ocrx_word' id='word_1_163' title='bbox 757 894 914 934; x_wconf 86' lang='lat' dir='ltr'>Tacitus</span> <span class='ocrx_word' id='word_1_164' title='bbox 930 905 965 945; x_wconf 82' lang='lat'>3.</span> <span class='ocrx_word' id='word_1_165' title='bbox 984 890 1112 931; x_wconf 86' lang='lat' dir='ltr'>histor.</span> <span class='ocrx_word' id='word_1_166' title='bbox 1128 891 1334 928; x_wconf 76' lang='lat' dir='ltr'>Mucianus</span> <span class='ocrx_word' id='word_1_167' title='bbox 1346 885 1477 943; x_wconf 79' lang='lat' dir='ltr'><em>claffim</em></span> <span class='ocrx_word' id='word_1_168' title='bbox 1488 887 1506 927; x_wconf 75' lang='grc' dir='ltr'><strong><em>ἓ</em></strong></span> <span class='ocrx_word' id='word_1_169' title='bbox 1516 891 1625 929; x_wconf 87' lang='lat' dir='ltr'>Ponto</span> <span class='ocrx_word' id='word_1_170' title='bbox 1639 893 1853 931; x_wconf 81' lang='lat' dir='ltr'>Bizantium</span> <span class='ocrx_word' id='word_1_171' title='bbox 1864 889 1961 941; x_wconf 76' lang='lat' dir='ltr'>adigi</span> <span class='ocrx_word' id='word_1_172' title='bbox 1973 887 2046 943; x_wconf 79' lang='lat' dir='ltr'>ius-</span> 
     </span>
     <span class='ocr_line' id='line_1_16' title="bbox 444 944 2047 1008; baseline -0.009 -12"><span class='ocrx_word' id='word_1_173' title='bbox 444 955 502 1008; x_wconf 78' lang='lat' dir='ltr'>fit</span> <span class='ocrx_word' id='word_1_174' title='bbox 517 988 525 995; x_wconf 91' lang='lat'>.</span> <span class='ocrx_word' id='word_1_175' title='bbox 552 955 767 994; x_wconf 81' lang='lat' dir='ltr'>Numerum</span> <span class='ocrx_word' id='word_1_176' title='bbox 782 951 861 990; x_wconf 90' lang='lat' dir='ltr'>eius</span> <span class='ocrx_word' id='word_1_177' title='bbox 874 949 994 989; x_wconf 86' lang='lat' dir='ltr'>tradit</span> <span class='ocrx_word' id='word_1_178' title='bbox 1014 944 1196 1000; x_wconf 86' lang='lat' dir='ltr'>Iosephus</span> <span class='ocrx_word' id='word_1_179' title='bbox 1219 944 1286 984; x_wconf 87' lang='lat' dir='ltr'>lib.</span> <span class='ocrx_word' id='word_1_180' title='bbox 1303 959 1318 985; x_wconf 91' lang='lat'>1</span> <span class='ocrx_word' id='word_1_181' title='bbox 1332 959 1364 985; x_wconf 91' lang='lat'>1.</span> <span class='ocrx_word' id='word_1_182' title='bbox 1387 948 1436 984; x_wconf 87' lang='lat' dir='ltr'>de</span> <span class='ocrx_word' id='word_1_183' title='bbox 1453 944 1564 984; x_wconf 87' lang='lat' dir='ltr'>Bello</span> <span class='ocrx_word' id='word_1_184' title='bbox 1586 947 1732 986; x_wconf 85' lang='lat' dir='ltr'>Iudaic.</span> <span class='ocrx_word' id='word_1_185' title='bbox 1758 950 1908 986; x_wconf 55' lang='lat' dir='ltr'>Pontica</span> <span class='ocrx_word' id='word_1_186' title='bbox 1929 958 2047 985; x_wconf 83' lang='lat' dir='ltr'>omnes</span> 
     </span>
     <span class='ocr_line' id='line_1_17' title="bbox 453 989 2107 1065; baseline -0.009 -14"><span class='ocrx_word' id='word_1_187' title='bbox 453 1021 574 1065; x_wconf 83' lang='lat' dir='ltr'>gentes</span> <span class='ocrx_word' id='word_1_188' title='bbox 587 1009 702 1049; x_wconf 83' lang='lat' dir='ltr'>tribus</span> <span class='ocrx_word' id='word_1_189' title='bbox 712 1007 868 1048; x_wconf 85' lang='lat' dir='ltr'>millibus</span> <span class='ocrx_word' id='word_1_190' title='bbox 877 1006 1032 1045; x_wconf 87' lang='lat' dir='ltr'>militum</span> <span class='ocrx_word' id='word_1_191' title='bbox 1040 1004 1252 1059; x_wconf 76' lang='lat' dir='ltr'>fitbduntur</span> <span class='ocrx_word' id='word_1_192' title='bbox 1261 1025 1272 1044; x_wconf 84' lang='lat'>‚</span> <span class='ocrx_word' id='word_1_193' title='bbox 1291 1001 1338 1043; x_wconf 65' lang='lat'>&amp;⁶</span> <span class='ocrx_word' id='word_1_194' title='bbox 1347 1000 1592 1055; x_wconf 78' lang='lat' dir='ltr'>quadraginta</span> <span class='ocrx_word' id='word_1_195' title='bbox 1605 1016 1714 1041; x_wconf 82' lang='lat' dir='ltr'>naues</span> <span class='ocrx_word' id='word_1_196' title='bbox 1728 1004 1834 1055; x_wconf 80' lang='lat' dir='ltr'>longae</span> <span class='ocrx_word' id='word_1_197' title='bbox 1847 1003 1938 1042; x_wconf 81' lang='lat' dir='ltr'>illud</span> <span class='ocrx_word' id='word_1_198' title='bbox 1948 1004 2048 1056; x_wconf 62' lang='lat' dir='ltr'>aspe-</span> <span class='ocrx_word' id='word_1_199' title='bbox 2072 989 2107 1036; x_wconf 84' lang='lat' dir='ltr'>B</span> 
     </span>
     <span class='ocr_line' id='line_1_18' title="bbox 459 1057 2049 1117; baseline -0.007 -9"><span class='ocrx_word' id='word_1_200' title='bbox 459 1082 558 1112; x_wconf 81' lang='lat' dir='ltr'>rum,</span> <span class='ocrx_word' id='word_1_201' title='bbox 569 1067 617 1110; x_wconf 59' lang='grc' dir='ltr'><em>ὡ</em></span> <span class='ocrx_word' id='word_1_202' title='bbox 630 1063 874 1117; x_wconf 85' lang='lat' dir='ltr'>innauigabile</span> <span class='ocrx_word' id='word_1_203' title='bbox 879 1063 1024 1114; x_wconf 81' lang='lat' dir='ltr'>pelagus</span> <span class='ocrx_word' id='word_1_204' title='bbox 1037 1069 1154 1100; x_wconf 85' lang='lat' dir='ltr'>tutum</span> <span class='ocrx_word' id='word_1_205' title='bbox 1164 1088 1174 1102; x_wconf 94' lang='lat'><strong><em>,</em></strong></span> <span class='ocrx_word' id='word_1_206' title='bbox 1181 1067 1426 1112; x_wconf 82' lang='lat' dir='ltr'>pacatumque</span> <span class='ocrx_word' id='word_1_207' title='bbox 1433 1057 1629 1108; x_wconf 47' lang='lat' dir='ltr'>praestant.</span> <span class='ocrx_word' id='word_1_208' title='bbox 1644 1062 1733 1099; x_wconf 85' lang='lat' dir='ltr'>Erat</span> <span class='ocrx_word' id='word_1_209' title='bbox 1746 1062 1786 1099; x_wconf 68' lang='grc' dir='ltr'>ἃ</span> <span class='ocrx_word' id='word_1_210' title='bbox 1800 1064 1915 1100; x_wconf 82' lang='lat' dir='ltr'>tertia</span> <span class='ocrx_word' id='word_1_211' title='bbox 1926 1060 2049 1112; x_wconf 65' lang='lat' dir='ltr'>Ostie,</span> 
     </span>
     <span class='ocr_line' id='line_1_19' title="bbox 461 1113 2052 1178; baseline -0.006 -14"><span class='ocrx_word' id='word_1_212' title='bbox 461 1126 513 1166; x_wconf 88' lang='lat' dir='ltr'>de</span> <span class='ocrx_word' id='word_1_213' title='bbox 527 1138 601 1178; x_wconf 87' lang='lat' dir='ltr'>qua</span> <span class='ocrx_word' id='word_1_214' title='bbox 619 1126 782 1163; x_wconf 85' lang='lat' dir='ltr'>Sueton.</span> <span class='ocrx_word' id='word_1_215' title='bbox 796 1122 836 1159; x_wconf 87' lang='lat' dir='ltr'>in</span> <span class='ocrx_word' id='word_1_216' title='bbox 850 1117 1068 1173; x_wconf 83' lang='lat' dir='ltr'>Vespasian·</span> <span class='ocrx_word' id='word_1_217' title='bbox 1080 1114 1302 1171; x_wconf 73' lang='lat' dir='ltr'>Claffiarios,</span> <span class='ocrx_word' id='word_1_218' title='bbox 1330 1114 1447 1168; x_wconf 77' lang='lat' dir='ltr'>quiab</span> <span class='ocrx_word' id='word_1_219' title='bbox 1461 1113 1574 1164; x_wconf 77' lang='lat' dir='ltr'>Ostia,</span> <span class='ocrx_word' id='word_1_220' title='bbox 1602 1115 1648 1158; x_wconf 66' lang='grc' dir='ltr'>ὠ·</span> <span class='ocrx_word' id='word_1_221' title='bbox 1659 1116 1973 1155; x_wconf 76' lang='lat' dir='ltr'>PuteolisRomam</span> <span class='ocrx_word' id='word_1_222' title='bbox 1985 1127 2052 1166; x_wconf 79' lang='lat' dir='ltr'>per</span> 
     </span>
     <span class='ocr_line' id='line_1_20' title="bbox 461 1169 2073 1232; baseline -0.006 -12"><span class='ocrx_word' id='word_1_223' title='bbox 461 1184 562 1221; x_wconf 82' lang='lat' dir='ltr'>vices</span> <span class='ocrx_word' id='word_1_224' title='bbox 576 1179 728 1232; x_wconf 81' lang='lat' dir='ltr'>pedibus</span> <span class='ocrx_word' id='word_1_225' title='bbox 744 1186 960 1218; x_wconf 77' lang='lat' dir='ltr'>commeant.</span> <span class='ocrx_word' id='word_1_226' title='bbox 989 1179 1035 1217; x_wconf 89' lang='lat' dir='ltr'>Et</span> <span class='ocrx_word' id='word_1_227' title='bbox 1048 1173 1149 1216; x_wconf 87' lang='lat' dir='ltr'>hanc</span> <span class='ocrx_word' id='word_1_228' title='bbox 1165 1175 1186 1214; x_wconf 66' lang='lat' dir='ltr'>a</span> <span class='ocrx_word' id='word_1_229' title='bbox 1198 1171 1366 1213; x_wconf 83' lang='lat' dir='ltr'>Claudio</span> <span class='ocrx_word' id='word_1_230' title='bbox 1379 1169 1717 1214; x_wconf 78' lang='lat' dir='ltr'>forsaninstitutam</span> <span class='ocrx_word' id='word_1_231' title='bbox 1731 1202 1741 1218; x_wconf 95' lang='lat'>,</span> <span class='ocrx_word' id='word_1_232' title='bbox 1766 1172 1833 1213; x_wconf 80' lang='lat' dir='ltr'>uili</span> <span class='ocrx_word' id='word_1_233' title='bbox 1850 1186 1940 1227; x_wconf 87' lang='lat' dir='ltr'>pars</span> <span class='ocrx_word' id='word_1_234' title='bbox 1960 1170 2052 1211; x_wconf 77' lang='lat' dir='ltr'>ellet</span> <span class='ocrx_word' id='word_1_235' title='bbox 2064 1194 2073 1201; x_wconf 92' lang='lat'>·</span> 
     </span>
     <span class='ocr_line' id='line_1_21' title="bbox 465 1233 854 1278; baseline -0.013 0"><span class='ocrx_word' id='word_1_236' title='bbox 465 1239 486 1278; x_wconf 84' lang='grc' dir='ltr'>ὲ</span> <span class='ocrx_word' id='word_1_237' title='bbox 499 1237 610 1278; x_wconf 76' lang='lat' dir='ltr'>class‘e</span> <span class='ocrx_word' id='word_1_238' title='bbox 625 1233 830 1276; x_wconf 88' lang='lat' dir='ltr'>Misenenfi</span> <span class='ocrx_word' id='word_1_239' title='bbox 845 1265 854 1274; x_wconf 88' lang='lat'>.</span> 
     </span>
     <span class='ocr_line' id='line_1_22' title="bbox 217 1287 2055 1357; baseline -0.006 -21"><span class='ocrx_word' id='word_1_240' title='bbox 217 1318 404 1357; x_wconf 53' lang='lat' dir='ltr'>castanasio.</span> <span class='ocrx_word' id='word_1_241' title='bbox 523 1293 700 1334; x_wconf 88' lang='lat' dir='ltr'>Vidimus</span> <span class='ocrx_word' id='word_1_242' title='bbox 716 1293 921 1332; x_wconf 85' lang='lat' dir='ltr'>Romanos</span> <span class='ocrx_word' id='word_1_243' title='bbox 933 1305 1011 1331; x_wconf 91' lang='lat' dir='ltr'>non</span> <span class='ocrx_word' id='word_1_244' title='bbox 1021 1289 1137 1331; x_wconf 88' lang='lat' dir='ltr'>solum</span> <span class='ocrx_word' id='word_1_245' title='bbox 1152 1287 1361 1330; x_wconf 81' lang='lat' dir='ltr'>numerosis</span> <span class='ocrx_word' id='word_1_246' title='bbox 1373 1288 1548 1344; x_wconf 89' lang='lat' dir='ltr'>peditum</span> <span class='ocrx_word' id='word_1_247' title='bbox 1558 1318 1568 1333; x_wconf 89' lang='lat'>‚</span> <span class='ocrx_word' id='word_1_248' title='bbox 1580 1289 1829 1342; x_wconf 83' lang='lat' dir='ltr'>equitumque</span> <span class='ocrx_word' id='word_1_249' title='bbox 1841 1290 1969 1342; x_wconf 88' lang='lat' dir='ltr'>copijs</span> <span class='ocrx_word' id='word_1_250' title='bbox 1982 1288 2055 1327; x_wconf 78' lang='lat' dir='ltr'>Im-</span> 
     </span>
     <span class='ocr_line' id='line_1_23' title="bbox 474 1343 2055 1408; baseline -0.006 -16"><span class='ocrx_word' id='word_1_251' title='bbox 474 1354 625 1408; x_wconf 88' lang='lat' dir='ltr'>perium</span> <span class='ocrx_word' id='word_1_252' title='bbox 643 1348 807 1391; x_wconf 81' lang='lat' dir='ltr'>firmaffe</span> <span class='ocrx_word' id='word_1_253' title='bbox 821 1377 830 1393; x_wconf 93' lang='lat'><strong><em>,</em></strong></span> <span class='ocrx_word' id='word_1_254' title='bbox 862 1347 926 1387; x_wconf 88' lang='lat' dir='ltr'>sed</span> <span class='ocrx_word' id='word_1_255' title='bbox 954 1349 995 1387; x_wconf 74' lang='grc' dir='ltr'>δε</span> <span class='ocrx_word' id='word_1_256' title='bbox 1019 1347 1154 1388; x_wconf 82' lang='lat' dir='ltr'>validis</span> <span class='ocrx_word' id='word_1_257' title='bbox 1169 1344 1342 1386; x_wconf 73' lang='lat' dir='ltr'>clastibus</span> <span class='ocrx_word' id='word_1_258' title='bbox 1355 1349 1469 1387; x_wconf 84' lang='lat' dir='ltr'>maria</span> <span class='ocrx_word' id='word_1_259' title='bbox 1483 1343 1877 1386; x_wconf 80' lang='lat' dir='ltr'>constratahabuiffe.</span> <span class='ocrx_word' id='word_1_260' title='bbox 1901 1343 2055 1384; x_wconf 66' lang='lat' dir='ltr'>Audim-</span> 
     </span>
     <span class='ocr_line' id='line_1_24' title="bbox 466 1401 2055 1460; baseline -0.007 -10"><span class='ocrx_word' id='word_1_261' title='bbox 466 1409 521 1450; x_wconf 90' lang='lat' dir='ltr'>est</span> <span class='ocrx_word' id='word_1_262' title='bbox 534 1404 814 1449; x_wconf 81' lang='lat' dir='ltr'>Themistocles</span> <span class='ocrx_word' id='word_1_263' title='bbox 829 1404 918 1460; x_wconf 87' lang='lat' dir='ltr'>ipfis</span> <span class='ocrx_word' id='word_1_264' title='bbox 932 1404 1121 1458; x_wconf 85' lang='lat' dir='ltr'>Regibus,</span> <span class='ocrx_word' id='word_1_265' title='bbox 1130 1417 1295 1459; x_wconf 88' lang='lat' dir='ltr'>quorum</span> <span class='ocrx_word' id='word_1_266' title='bbox 1308 1405 1474 1457; x_wconf 82' lang='lat' dir='ltr'>Imperia</span> <span class='ocrx_word' id='word_1_267' title='bbox 1486 1402 1559 1442; x_wconf 77' lang='lat' dir='ltr'>late</span> <span class='ocrx_word' id='word_1_268' title='bbox 1569 1401 1879 1457; x_wconf 85' lang='lat' dir='ltr'>protenduntur;</span> <span class='ocrx_word' id='word_1_269' title='bbox 1895 1411 1935 1441; x_wconf 92' lang='lat' dir='ltr'>vt</span> <span class='ocrx_word' id='word_1_270' title='bbox 1944 1401 2055 1441; x_wconf 85' lang='lat' dir='ltr'>maris</span> 
     </span>
     <span class='ocr_line' id='line_1_25' title="bbox 472 1456 2059 1519; baseline -0.007 -12"><span class='ocrx_word' id='word_1_271' title='bbox 472 1466 542 1509; x_wconf 77' lang='lat' dir='ltr'>sibi</span> <span class='ocrx_word' id='word_1_272' title='bbox 559 1467 761 1519; x_wconf 86' lang='lat' dir='ltr'>imperium</span> <span class='ocrx_word' id='word_1_273' title='bbox 775 1472 939 1517; x_wconf 89' lang='lat' dir='ltr'>parent:</span> <span class='ocrx_word' id='word_1_274' title='bbox 959 1461 1039 1501; x_wconf 89' lang='lat' dir='ltr'>hoc</span> <span class='ocrx_word' id='word_1_275' title='bbox 1059 1474 1137 1501; x_wconf 85' lang='lat' dir='ltr'>vno</span> <span class='ocrx_word' id='word_1_276' title='bbox 1155 1459 1245 1500; x_wconf 88' lang='lat' dir='ltr'>loca</span> <span class='ocrx_word' id='word_1_277' title='bbox 1271 1459 1431 1500; x_wconf 72' lang='lat' dir='ltr'>maxime</span> <span class='ocrx_word' id='word_1_278' title='bbox 1445 1459 1631 1500; x_wconf 70' lang='lat' dir='ltr'>difiuneta</span> <span class='ocrx_word' id='word_1_279' title='bbox 1649 1461 1751 1512; x_wconf 88' lang='lat' dir='ltr'>iungi</span> <span class='ocrx_word' id='word_1_280' title='bbox 1774 1457 1881 1513; x_wconf 70' lang='lat' dir='ltr'>posse</span> <span class='ocrx_word' id='word_1_281' title='bbox 1895 1456 2059 1498; x_wconf 78' lang='lat' dir='ltr'>arbitra-</span> 
     </span>
     <span class='ocr_line' id='line_1_26' title="bbox 471 1515 2061 1575; baseline -0.005 -12"><span class='ocrx_word' id='word_1_282' title='bbox 471 1535 534 1563; x_wconf 88' lang='lat' dir='ltr'>tur</span> <span class='ocrx_word' id='word_1_283' title='bbox 546 1538 556 1567; x_wconf 88' lang='lat'>;</span> <span class='ocrx_word' id='word_1_284' title='bbox 575 1535 646 1562; x_wconf 90' lang='lat' dir='ltr'>nec</span> <span class='ocrx_word' id='word_1_285' title='bbox 657 1519 787 1575; x_wconf 88' lang='lat' dir='ltr'>plures</span> <span class='ocrx_word' id='word_1_286' title='bbox 799 1519 1029 1573; x_wconf 78' lang='lat' dir='ltr'>prouincias</span> <span class='ocrx_word' id='word_1_287' title='bbox 1041 1541 1051 1560; x_wconf 78' lang='lat'>‚</span> <span class='ocrx_word' id='word_1_288' title='bbox 1062 1516 1125 1557; x_wconf 89' lang='lat' dir='ltr'>sed</span> <span class='ocrx_word' id='word_1_289' title='bbox 1136 1530 1209 1556; x_wconf 83' lang='lat' dir='ltr'>vna</span> <span class='ocrx_word' id='word_1_290' title='bbox 1221 1515 1363 1556; x_wconf 86' lang='lat' dir='ltr'>censeri</span> <span class='ocrx_word' id='word_1_291' title='bbox 1374 1516 1495 1572; x_wconf 61' lang='lat' dir='ltr'>polle,</span> <span class='ocrx_word' id='word_1_292' title='bbox 1510 1530 1594 1570; x_wconf 84' lang='lat' dir='ltr'>quae</span> <span class='ocrx_word' id='word_1_293' title='bbox 1607 1519 1782 1555; x_wconf 84' lang='lat' dir='ltr'>maritimi</span> <span class='ocrx_word' id='word_1_294' title='bbox 1794 1517 1945 1569; x_wconf 88' lang='lat' dir='ltr'>imperij</span> <span class='ocrx_word' id='word_1_295' title='bbox 1960 1526 2061 1555; x_wconf 78' lang='lat' dir='ltr'>nexu</span> 
     </span>
     <span class='ocr_line' id='line_1_27' title="bbox 473 1571 2061 1631; baseline -0.006 -11"><span class='ocrx_word' id='word_1_296' title='bbox 473 1584 511 1621; x_wconf 88' lang='lat' dir='ltr'>in</span> <span class='ocrx_word' id='word_1_297' title='bbox 522 1592 633 1619; x_wconf 87' lang='lat' dir='ltr'>vnum</span> <span class='ocrx_word' id='word_1_298' title='bbox 647 1590 794 1631; x_wconf 89' lang='lat' dir='ltr'>corpus</span> <span class='ocrx_word' id='word_1_299' title='bbox 804 1573 1020 1615; x_wconf 81' lang='lat' dir='ltr'>coaluisset:</span> <span class='ocrx_word' id='word_1_300' title='bbox 1037 1573 1087 1614; x_wconf 86' lang='lat' dir='ltr'>fic</span> <span class='ocrx_word' id='word_1_301' title='bbox 1104 1573 1188 1615; x_wconf 89' lang='lat' dir='ltr'>fieri</span> <span class='ocrx_word' id='word_1_302' title='bbox 1201 1583 1243 1613; x_wconf 89' lang='lat' dir='ltr'>vt</span> <span class='ocrx_word' id='word_1_303' title='bbox 1256 1572 1359 1628; x_wconf 79' lang='lat' dir='ltr'>quasi</span> <span class='ocrx_word' id='word_1_304' title='bbox 1374 1574 1511 1614; x_wconf 55' lang='lat' dir='ltr'>iunctis</span> <span class='ocrx_word' id='word_1_305' title='bbox 1528 1572 1697 1613; x_wconf 78' lang='lat' dir='ltr'>manibus</span> <span class='ocrx_word' id='word_1_306' title='bbox 1711 1571 1746 1612; x_wconf 92' lang='lat' dir='ltr'>se</span> <span class='ocrx_word' id='word_1_307' title='bbox 1762 1582 1951 1614; x_wconf 84' lang='lat' dir='ltr'>tueantur,</span> <span class='ocrx_word' id='word_1_308' title='bbox 1962 1572 2061 1610; x_wconf 84' lang='lat' dir='ltr'>inui-</span> 
     </span>
     <span class='ocr_line' id='line_1_28' title="bbox 472 1626 2061 1684; baseline -0.006 -7"><span class='ocrx_word' id='word_1_309' title='bbox 472 1651 558 1677; x_wconf 87' lang='lat' dir='ltr'>cem</span> <span class='ocrx_word' id='word_1_310' title='bbox 569 1634 636 1675; x_wconf 71' lang='lat' dir='ltr'>fibi</span> <span class='ocrx_word' id='word_1_311' title='bbox 647 1632 754 1675; x_wconf 64' lang='lat' dir='ltr'>factae</span> <span class='ocrx_word' id='word_1_312' title='bbox 770 1633 973 1674; x_wconf 80' lang='lat' dir='ltr'>auxiliares</span> <span class='ocrx_word' id='word_1_313' title='bbox 987 1660 996 1676; x_wconf 94' lang='lat'>,</span> <span class='ocrx_word' id='word_1_314' title='bbox 1009 1629 1141 1671; x_wconf 87' lang='lat' dir='ltr'>&amp;solo</span> <span class='ocrx_word' id='word_1_315' title='bbox 1158 1644 1259 1670; x_wconf 84' lang='lat' dir='ltr'>nexu</span> <span class='ocrx_word' id='word_1_316' title='bbox 1272 1631 1424 1671; x_wconf 64' lang='lat' dir='ltr'>inuic‘tae</span> <span class='ocrx_word' id='word_1_317' title='bbox 1436 1663 1444 1670; x_wconf 91' lang='lat'><strong>.</strong></span> <span class='ocrx_word' id='word_1_318' title='bbox 1470 1631 1598 1684; x_wconf 85' lang='lat' dir='ltr'>Longa</span> <span class='ocrx_word' id='word_1_319' title='bbox 1609 1632 1707 1670; x_wconf 87' lang='lat' dir='ltr'>enim</span> <span class='ocrx_word' id='word_1_320' title='bbox 1720 1629 1740 1667; x_wconf 84' lang='grc' dir='ltr'>ὲ</span> <span class='ocrx_word' id='word_1_321' title='bbox 1753 1628 1882 1669; x_wconf 82' lang='lat' dir='ltr'>diuisis</span> <span class='ocrx_word' id='word_1_322' title='bbox 1900 1626 2037 1668; x_wconf 83' lang='lat' dir='ltr'>auxilia</span> <span class='ocrx_word' id='word_1_323' title='bbox 2049 1650 2061 1669; x_wconf 70' lang='lat'><em>2</em></span> 
     </span>
     <span class='ocr_line' id='line_1_29' title="bbox 473 1683 2061 1748; baseline -0.006 -15"><span class='ocrx_word' id='word_1_324' title='bbox 473 1695 683 1748; x_wconf 28' lang='lat' dir='ltr'>*longaeque</span> <span class='ocrx_word' id='word_1_325' title='bbox 708 1705 825 1731; x_wconf 83' lang='lat' dir='ltr'>morae</span> <span class='ocrx_word' id='word_1_326' title='bbox 840 1704 918 1729; x_wconf 90' lang='lat' dir='ltr'>non</span> <span class='ocrx_word' id='word_1_327' title='bbox 934 1689 1055 1729; x_wconf 75' lang='lat' dir='ltr'>modo</span> <span class='ocrx_word' id='word_1_328' title='bbox 1071 1689 1225 1744; x_wconf 84' lang='lat' dir='ltr'>quiduis</span> <span class='ocrx_word' id='word_1_329' title='bbox 1237 1685 1405 1727; x_wconf 87' lang='lat' dir='ltr'>audendi</span> <span class='ocrx_word' id='word_1_330' title='bbox 1435 1692 1580 1728; x_wconf 76' lang='lat' dir='ltr'>animos</span> <span class='ocrx_word' id='word_1_331' title='bbox 1598 1685 1796 1741; x_wconf 77' lang='lat' dir='ltr'>praebent,</span> <span class='ocrx_word' id='word_1_332' title='bbox 1817 1683 1880 1725; x_wconf 88' lang='lat' dir='ltr'>sed</span> <span class='ocrx_word' id='word_1_333' title='bbox 1909 1685 1951 1725; x_wconf 87' lang='lat'>&amp;</span> <span class='ocrx_word' id='word_1_334' title='bbox 1971 1698 2061 1724; x_wconf 79' lang='lat' dir='ltr'>exe-</span> 
     </span>
     <span class='ocr_line' id='line_1_30' title="bbox 474 1736 2061 1806; baseline -0.007 -15"><span class='ocrx_word' id='word_1_335' title='bbox 474 1748 622 1806; x_wconf 85' lang='lat' dir='ltr'>quendi</span> <span class='ocrx_word' id='word_1_336' title='bbox 633 1750 973 1804; x_wconf 85' lang='lat' dir='ltr'>opportunitatem</span> <span class='ocrx_word' id='word_1_337' title='bbox 983 1744 1085 1786; x_wconf 86' lang='lat' dir='ltr'>hosti</span> <span class='ocrx_word' id='word_1_338' title='bbox 1097 1744 1266 1785; x_wconf 86' lang='lat' dir='ltr'>offerunt</span> <span class='ocrx_word' id='word_1_339' title='bbox 1280 1776 1288 1784; x_wconf 91' lang='lat'>.</span> <span class='ocrx_word' id='word_1_340' title='bbox 1319 1745 1408 1786; x_wconf 89' lang='lat' dir='ltr'>Vna</span> <span class='ocrx_word' id='word_1_341' title='bbox 1418 1758 1513 1785; x_wconf 90' lang='lat' dir='ltr'>vero</span> <span class='ocrx_word' id='word_1_342' title='bbox 1527 1747 1623 1784; x_wconf 87' lang='lat' dir='ltr'>ratio</span> <span class='ocrx_word' id='word_1_343' title='bbox 1639 1742 1820 1797; x_wconf 83' lang='lat' dir='ltr'>iungendi</span> <span class='ocrx_word' id='word_1_344' title='bbox 1833 1738 1972 1782; x_wconf 83' lang='lat' dir='ltr'>diffitas</span> <span class='ocrx_word' id='word_1_345' title='bbox 1985 1736 2061 1781; x_wconf 62' lang='lat' dir='ltr'>tei·-</span> 
     </span>
     <span class='ocr_line' id='line_1_31' title="bbox 472 1796 2130 1869; baseline -0.008 -20"><span class='ocrx_word' id='word_1_346' title='bbox 472 1823 532 1850; x_wconf 82' lang='lat' dir='ltr'>ras</span> <span class='ocrx_word' id='word_1_347' title='bbox 543 1821 644 1847; x_wconf 86' lang='lat' dir='ltr'>mare</span> <span class='ocrx_word' id='word_1_348' title='bbox 660 1806 729 1846; x_wconf 84' lang='lat' dir='ltr'>est.</span> <span class='ocrx_word' id='word_1_349' title='bbox 746 1806 890 1860; x_wconf 81' lang='lat' dir='ltr'>Neque</span> <span class='ocrx_word' id='word_1_350' title='bbox 902 1807 1002 1844; x_wconf 88' lang='lat' dir='ltr'>enim</span> <span class='ocrx_word' id='word_1_351' title='bbox 1017 1814 1130 1843; x_wconf 85' lang='lat' dir='ltr'>terrae</span> <span class='ocrx_word' id='word_1_352' title='bbox 1142 1802 1223 1843; x_wconf 84' lang='lat' dir='ltr'>vllae</span> <span class='ocrx_word' id='word_1_353' title='bbox 1240 1800 1314 1840; x_wconf 83' lang='lat' dir='ltr'>fine</span> <span class='ocrx_word' id='word_1_354' title='bbox 1324 1804 1489 1856; x_wconf 86' lang='lat' dir='ltr'>imperio</span> <span class='ocrx_word' id='word_1_355' title='bbox 1507 1802 1661 1842; x_wconf 86' lang='lat' dir='ltr'>Oceani</span> <span class='ocrx_word' id='word_1_356' title='bbox 1671 1799 1734 1839; x_wconf 88' lang='lat' dir='ltr'>diu</span> <span class='ocrx_word' id='word_1_357' title='bbox 1747 1798 1844 1839; x_wconf 88' lang='lat' dir='ltr'>stare</span> <span class='ocrx_word' id='word_1_358' title='bbox 1857 1796 2060 1853; x_wconf 85' lang='lat' dir='ltr'>poffunt,si</span> <span class='ocrx_word' id='word_1_359' title='bbox 2085 1818 2130 1869; x_wconf 75' lang='lat' dir='ltr'>C</span> 
     </span>
     <span class='ocr_line' id='line_1_32' title="bbox 475 1855 2065 1909; baseline -0.006 -5"><span class='ocrx_word' id='word_1_360' title='bbox 475 1864 628 1906; x_wconf 80' lang='lat' dir='ltr'>hostem</span> <span class='ocrx_word' id='word_1_361' title='bbox 643 1863 760 1902; x_wconf 67' lang='lat' dir='ltr'>naerae</span> <span class='ocrx_word' id='word_1_362' title='bbox 772 1859 936 1901; x_wconf 87' lang='lat' dir='ltr'>fuerint:</span> <span class='ocrx_word' id='word_1_363' title='bbox 954 1860 1117 1901; x_wconf 89' lang='lat' dir='ltr'>sentient</span> <span class='ocrx_word' id='word_1_364' title='bbox 1131 1869 1322 1899; x_wconf 82' lang='lat' dir='ltr'>exarmata</span> <span class='ocrx_word' id='word_1_365' title='bbox 1334 1862 1450 1899; x_wconf 84' lang='lat' dir='ltr'>maria</span> <span class='ocrx_word' id='word_1_366' title='bbox 1461 1857 1614 1898; x_wconf 85' lang='lat' dir='ltr'>hostiles</span> <span class='ocrx_word' id='word_1_367' title='bbox 1630 1855 1889 1899; x_wconf 74' lang='lat' dir='ltr'>excursiones,</span> <span class='ocrx_word' id='word_1_368' title='bbox 1911 1855 2065 1909; x_wconf 82' lang='lat' dir='ltr'>deprae-</span> 
     </span>
     <span class='ocr_line' id='line_1_33' title="bbox 477 1910 2063 1966; baseline -0.007 -5"><span class='ocrx_word' id='word_1_369' title='bbox 477 1922 653 1961; x_wconf 86' lang='lat' dir='ltr'>dationes</span> <span class='ocrx_word' id='word_1_370' title='bbox 668 1943 678 1961; x_wconf 81' lang='lat'>‚</span> <span class='ocrx_word' id='word_1_371' title='bbox 703 1919 956 1966; x_wconf 70' lang='lat' dir='ltr'>dominatum,</span> <span class='ocrx_word' id='word_1_372' title='bbox 971 1931 1016 1957; x_wconf 88' lang='lat' dir='ltr'>ac</span> <span class='ocrx_word' id='word_1_373' title='bbox 1027 1918 1143 1956; x_wconf 84' lang='lat' dir='ltr'>etiam</span> <span class='ocrx_word' id='word_1_374' title='bbox 1159 1927 1268 1956; x_wconf 81' lang='lat' dir='ltr'>terrae</span> <span class='ocrx_word' id='word_1_375' title='bbox 1281 1914 1442 1954; x_wconf 81' lang='lat' dir='ltr'>sentient</span> <span class='ocrx_word' id='word_1_376' title='bbox 1455 1915 1603 1955; x_wconf 87' lang='lat' dir='ltr'>robore</span> <span class='ocrx_word' id='word_1_377' title='bbox 1616 1913 1681 1954; x_wconf 87' lang='lat' dir='ltr'>suo</span> <span class='ocrx_word' id='word_1_378' title='bbox 1703 1911 1908 1956; x_wconf 73' lang='lat' dir='ltr'>destitutae,</span> <span class='ocrx_word' id='word_1_379' title='bbox 1925 1910 2063 1966; x_wconf 70' lang='lat' dir='ltr'>nempe</span> 
     </span>
     <span class='ocr_line' id='line_1_34' title="bbox 481 1970 2065 2029; baseline -0.006 -11"><span class='ocrx_word' id='word_1_380' title='bbox 481 1987 630 2019; x_wconf 84' lang='lat' dir='ltr'>armato</span> <span class='ocrx_word' id='word_1_381' title='bbox 645 1976 760 2015; x_wconf 82' lang='lat' dir='ltr'>mari:</span> <span class='ocrx_word' id='word_1_382' title='bbox 787 1973 939 2029; x_wconf 84' lang='lat' dir='ltr'>sparget</span> <span class='ocrx_word' id='word_1_383' title='bbox 955 1984 1138 2013; x_wconf 84' lang='lat' dir='ltr'>terrorem</span> <span class='ocrx_word' id='word_1_384' title='bbox 1152 1971 1255 2012; x_wconf 88' lang='lat' dir='ltr'>suum</span> <span class='ocrx_word' id='word_1_385' title='bbox 1267 1971 1381 2025; x_wconf 76' lang='lat' dir='ltr'>longe</span> <span class='ocrx_word' id='word_1_386' title='bbox 1395 1971 1510 2027; x_wconf 73' lang='lat' dir='ltr'>lateq5</span> <span class='ocrx_word' id='word_1_387' title='bbox 1523 1970 1689 2026; x_wconf 85' lang='lat' dir='ltr'>quisquis</span> <span class='ocrx_word' id='word_1_388' title='bbox 1705 1972 1797 2010; x_wconf 86' lang='lat' dir='ltr'>mari</span> <span class='ocrx_word' id='word_1_389' title='bbox 1823 1970 2065 2014; x_wconf 64' lang='lat' dir='ltr'>dominatum</span> 
     </span>
     <span class='ocr_line' id='line_1_35' title="bbox 478 2028 2070 2087; baseline -0.006 -12"><span class='ocrx_word' id='word_1_390' title='bbox 478 2035 726 2087; x_wconf 82' lang='lat' dir='ltr'>liberumque</span> <span class='ocrx_word' id='word_1_391' title='bbox 741 2030 906 2074; x_wconf 72' lang='lat' dir='ltr'>inierit,</span> <span class='ocrx_word' id='word_1_392' title='bbox 931 2043 1214 2083; x_wconf 85' lang='lat' dir='ltr'>quamcumque</span> <span class='ocrx_word' id='word_1_393' title='bbox 1235 2028 1408 2069; x_wconf 84' lang='lat' dir='ltr'>hostilem</span> <span class='ocrx_word' id='word_1_394' title='bbox 1434 2032 1715 2069; x_wconf 82' lang='lat' dir='ltr'>conterminam</span> <span class='ocrx_word' id='word_1_395' title='bbox 1731 2030 2070 2082; x_wconf 82' lang='lat' dir='ltr'>maripartemim-</span> 
     </span>
     <span class='ocr_line' id='line_1_36' title="bbox 479 2083 2069 2148; baseline -0.006 -17"><span class='ocrx_word' id='word_1_396' title='bbox 479 2102 620 2148; x_wconf 84' lang='lat' dir='ltr'>petere</span> <span class='ocrx_word' id='word_1_397' title='bbox 640 2120 650 2134; x_wconf 91' lang='lat'>‚</span> <span class='ocrx_word' id='word_1_398' title='bbox 674 2090 716 2129; x_wconf 70' lang='grc' dir='ltr'>ὅ(</span> <span class='ocrx_word' id='word_1_399' title='bbox 730 2092 943 2143; x_wconf 87' lang='lat' dir='ltr'>potentiam</span> <span class='ocrx_word' id='word_1_400' title='bbox 959 2085 1158 2141; x_wconf 73' lang='lat' dir='ltr'>frangere3</span> <span class='ocrx_word' id='word_1_401' title='bbox 1179 2087 1220 2126; x_wconf 87' lang='lat'>&amp;</span> <span class='ocrx_word' id='word_1_402' title='bbox 1242 2083 1327 2125; x_wconf 87' lang='lat' dir='ltr'>sane</span> <span class='ocrx_word' id='word_1_403' title='bbox 1339 2096 1463 2125; x_wconf 88' lang='lat' dir='ltr'>metus</span> <span class='ocrx_word' id='word_1_404' title='bbox 1475 2084 1587 2125; x_wconf 82' lang='lat' dir='ltr'>solius</span> <span class='ocrx_word' id='word_1_405' title='bbox 1601 2087 2069 2139; x_wconf 88' lang='lat' dir='ltr'>mariimperantisconti-</span> 
     </span>
     <span class='ocr_line' id='line_1_37' title="bbox 482 2140 2069 2198; baseline -0.006 -9"><span class='ocrx_word' id='word_1_406' title='bbox 482 2158 552 2190; x_wconf 88' lang='lat' dir='ltr'>net</span> <span class='ocrx_word' id='word_1_407' title='bbox 565 2159 695 2188; x_wconf 84' lang='lat' dir='ltr'>manus</span> <span class='ocrx_word' id='word_1_408' title='bbox 712 2149 812 2185; x_wconf 82' lang='lat' dir='ltr'>intra</span> <span class='ocrx_word' id='word_1_409' title='bbox 825 2147 1082 2198; x_wconf 80' lang='lat' dir='ltr'>cogitationes</span> <span class='ocrx_word' id='word_1_410' title='bbox 1105 2142 1326 2182; x_wconf 74' lang='lat' dir='ltr'>aemulorum</span> <span class='ocrx_word' id='word_1_411' title='bbox 1340 2142 1487 2196; x_wconf 83' lang='lat' dir='ltr'>Regum</span> <span class='ocrx_word' id='word_1_412' title='bbox 1504 2172 1513 2188; x_wconf 93' lang='lat'><strong><em>,</em></strong></span> <span class='ocrx_word' id='word_1_413' title='bbox 1534 2156 1619 2198; x_wconf 66' lang='lat' dir='ltr'>quae</span> <span class='ocrx_word' id='word_1_414' title='bbox 1637 2146 1673 2181; x_wconf 85' lang='lat' dir='ltr'>in</span> <span class='ocrx_word' id='word_1_415' title='bbox 1699 2140 1836 2181; x_wconf 84' lang='lat' dir='ltr'>ferrum</span> <span class='ocrx_word' id='word_1_416' title='bbox 1851 2141 1969 2181; x_wconf 81' lang='lat' dir='ltr'>effent</span> <span class='ocrx_word' id='word_1_417' title='bbox 1981 2154 2069 2180; x_wconf 86' lang='lat' dir='ltr'>eru-</span> 
     </span>
     <span class='ocr_line' id='line_1_38' title="bbox 482 2195 2069 2262; baseline -0.007 -16"><span class='ocrx_word' id='word_1_418' title='bbox 482 2217 612 2262; x_wconf 84' lang='lat' dir='ltr'>pturae</span> <span class='ocrx_word' id='word_1_419' title='bbox 624 2201 766 2256; x_wconf 88' lang='lat' dir='ltr'>absque</span> <span class='ocrx_word' id='word_1_420' title='bbox 778 2204 914 2241; x_wconf 79' lang='lat' dir='ltr'>timore</span> <span class='ocrx_word' id='word_1_421' title='bbox 929 2212 1159 2240; x_wconf 86' lang='lat' dir='ltr'>armatarum</span> <span class='ocrx_word' id='word_1_422' title='bbox 1177 2202 1327 2239; x_wconf 85' lang='lat' dir='ltr'>nauium</span> <span class='ocrx_word' id='word_1_423' title='bbox 1341 2230 1349 2238; x_wconf 90' lang='lat'><strong>.</strong></span> <span class='ocrx_word' id='word_1_424' title='bbox 1366 2197 1806 2254; x_wconf 83' lang='lat' dir='ltr'>Crescuntpraetereaiu</span> <span class='ocrx_word' id='word_1_425' title='bbox 1819 2195 2069 2237; x_wconf 66' lang='lat' dir='ltr'>immensum.)</span> 
     </span>
     <span class='ocr_line' id='line_1_39' title="bbox 485 2252 2067 2316; baseline -0.006 -15"><span class='ocrx_word' id='word_1_426' title='bbox 485 2272 631 2316; x_wconf 81' lang='lat' dir='ltr'>pacato</span> <span class='ocrx_word' id='word_1_427' title='bbox 649 2263 739 2300; x_wconf 85' lang='lat' dir='ltr'>mari</span> <span class='ocrx_word' id='word_1_428' title='bbox 759 2258 991 2312; x_wconf 44' lang='lat' dir='ltr'>Vectigalia</span> <span class='ocrx_word' id='word_1_429' title='bbox 1014 2269 1055 2296; x_wconf 86' lang='lat' dir='ltr'>vt</span> <span class='ocrx_word' id='word_1_430' title='bbox 1069 2255 1418 2296; x_wconf 81' lang='lat' dir='ltr'>decrescuntetiam</span> <span class='ocrx_word' id='word_1_431' title='bbox 1433 2253 1594 2294; x_wconf 84' lang='lat' dir='ltr'>turbato</span> <span class='ocrx_word' id='word_1_432' title='bbox 1608 2256 1648 2293; x_wconf 64' lang='grc' dir='ltr'>ὃς</span> <span class='ocrx_word' id='word_1_433' title='bbox 1660 2257 1768 2293; x_wconf 84' lang='lat' dir='ltr'>armis</span> <span class='ocrx_word' id='word_1_434' title='bbox 1781 2252 1916 2293; x_wconf 79' lang='lat' dir='ltr'>infesto</span> <span class='ocrx_word' id='word_1_435' title='bbox 1927 2252 2067 2292; x_wconf 82' lang='lat' dir='ltr'>eodem</span> 
     </span>
     <span class='ocr_line' id='line_1_40' title="bbox 487 2305 2066 2371; baseline -0.008 -13"><span class='ocrx_word' id='word_1_436' title='bbox 487 2320 602 2360; x_wconf 73' lang='lat' dir='ltr'>mari:</span> <span class='ocrx_word' id='word_1_437' title='bbox 630 2331 755 2371; x_wconf 83' lang='lat' dir='ltr'>neque</span> <span class='ocrx_word' id='word_1_438' title='bbox 768 2315 977 2370; x_wconf 85' lang='lat' dir='ltr'>quidquam</span> <span class='ocrx_word' id='word_1_439' title='bbox 990 2312 1083 2358; x_wconf 81' lang='lat' dir='ltr'>effe,</span> <span class='ocrx_word' id='word_1_440' title='bbox 1106 2312 1215 2368; x_wconf 87' lang='lat' dir='ltr'>quod</span> <span class='ocrx_word' id='word_1_441' title='bbox 1239 2311 1323 2368; x_wconf 89' lang='lat' dir='ltr'>plus</span> <span class='ocrx_word' id='word_1_442' title='bbox 1339 2325 1456 2368; x_wconf 88' lang='lat' dir='ltr'>opum</span> <span class='ocrx_word' id='word_1_443' title='bbox 1469 2339 1479 2355; x_wconf 93' lang='lat'><strong>,</strong></span> <span class='ocrx_word' id='word_1_444' title='bbox 1503 2323 1548 2351; x_wconf 85' lang='lat' dir='ltr'>ac</span> <span class='ocrx_word' id='word_1_445' title='bbox 1568 2305 1903 2365; x_wconf 27' lang='lat' dir='ltr'>potentiae-“adfert</span> <span class='ocrx_word' id='word_1_446' title='bbox 1919 2311 2041 2362; x_wconf 78' lang='lat' dir='ltr'>regnis</span> <span class='ocrx_word' id='word_1_447' title='bbox 2055 2330 2066 2350; x_wconf 83' lang='lat'>‚</span> 
     </span>
     <span class='ocr_line' id='line_1_41' title="bbox 489 2364 2070 2431; baseline -0.006 -16"><span class='ocrx_word' id='word_1_448' title='bbox 489 2388 603 2431; x_wconf 84' lang='lat' dir='ltr'>quam</span> <span class='ocrx_word' id='word_1_449' title='bbox 620 2373 779 2414; x_wconf 80' lang='lat' dir='ltr'>filibera</span> <span class='ocrx_word' id='word_1_450' title='bbox 791 2372 892 2412; x_wconf 83' lang='lat' dir='ltr'>lucri</span> <span class='ocrx_word' id='word_1_451' title='bbox 907 2374 1021 2411; x_wconf 84' lang='lat' dir='ltr'>maria</span> <span class='ocrx_word' id='word_1_452' title='bbox 1036 2369 1317 2411; x_wconf 85' lang='lat' dir='ltr'>mercatoribus</span> <span class='ocrx_word' id='word_1_453' title='bbox 1332 2372 1508 2422; x_wconf 85' lang='lat' dir='ltr'>nauigare</span> <span class='ocrx_word' id='word_1_454' title='bbox 1528 2377 1636 2408; x_wconf 87' lang='lat' dir='ltr'>extra</span> <span class='ocrx_word' id='word_1_455' title='bbox 1654 2367 1866 2422; x_wconf 79' lang='lat' dir='ltr'>piratarum</span> <span class='ocrx_word' id='word_1_456' title='bbox 1879 2364 2070 2406; x_wconf 83' lang='lat' dir='ltr'>hostilem-</span> 
     </span>
     <span class='ocr_line' id='line_1_42' title="bbox 491 2423 2047 2488; baseline -0.008 -15"><span class='ocrx_word' id='word_1_457' title='bbox 491 2446 568 2488; x_wconf 89' lang='lat' dir='ltr'>que</span> <span class='ocrx_word' id='word_1_458' title='bbox 581 2442 720 2470; x_wconf 87' lang='lat' dir='ltr'>metum</span> <span class='ocrx_word' id='word_1_459' title='bbox 733 2431 768 2470; x_wconf 87' lang='lat' dir='ltr'>in</span> <span class='ocrx_word' id='word_1_460' title='bbox 782 2428 1042 2471; x_wconf 87' lang='lat' dir='ltr'>omnemlucri</span> <span class='ocrx_word' id='word_1_461' title='bbox 1052 2426 1152 2482; x_wconf 84' lang='lat' dir='ltr'>spem</span> <span class='ocrx_word' id='word_1_462' title='bbox 1165 2431 1335 2468; x_wconf 81' lang='lat' dir='ltr'>intentis.</span> <span class='ocrx_word' id='word_1_463' title='bbox 2043 2423 2047 2427; x_wconf 88' lang='grc'><strong>’</strong></span> 
     </span>
     <span class='ocr_line' id='line_1_43' title="bbox 239 2478 2070 2548; baseline -0.008 -18"><span class='ocrx_word' id='word_1_464' title='bbox 239 2511 340 2544; x_wconf 48' lang='lat' dir='ltr'>gatam—</span> <span class='ocrx_word' id='word_1_465' title='bbox 350 2517 459 2548; x_wconf 78' lang='lat' dir='ltr'>potentes</span> <span class='ocrx_word' id='word_1_466' title='bbox 546 2489 698 2541; x_wconf 75' lang='lat' dir='ltr'>Qtales</span> <span class='ocrx_word' id='word_1_467' title='bbox 715 2498 838 2527; x_wconf 86' lang='lat' dir='ltr'>autem</span> <span class='ocrx_word' id='word_1_468' title='bbox 854 2487 1001 2526; x_wconf 84' lang='lat' dir='ltr'>animos</span> <span class='ocrx_word' id='word_1_469' title='bbox 1013 2485 1062 2528; x_wconf 89' lang='lat' dir='ltr'>ad</span> <span class='ocrx_word' id='word_1_470' title='bbox 1076 2483 1213 2524; x_wconf 89' lang='lat' dir='ltr'>bellum</span> <span class='ocrx_word' id='word_1_471' title='bbox 1228 2483 1400 2538; x_wconf 82' lang='lat' dir='ltr'>suggerat</span> <span class='ocrx_word' id='word_1_472' title='bbox 1411 2484 1520 2522; x_wconf 81' lang='lat' dir='ltr'>mari-s</span> <span class='ocrx_word' id='word_1_473' title='bbox 1533 2482 1755 2537; x_wconf 83' lang='lat' dir='ltr'>imperium:</span> <span class='ocrx_word' id='word_1_474' title='bbox 1771 2478 2070 2535; x_wconf 47' lang='lat' dir='ltr'>cognoscamus&amp;</span> 
     </span>
     <span class='ocr_line' id='line_1_44' title="bbox 239 2533 2071 2595; baseline -0.008 -7"><span class='ocrx_word' id='word_1_475' title='bbox 239 2552 363 2580; x_wconf 68' lang='lat' dir='ltr'>inmari.</span> <span class='ocrx_word' id='word_1_476' title='bbox 490 2547 518 2589; x_wconf 82' lang='lat' dir='ltr'>fi</span> <span class='ocrx_word' id='word_1_477' title='bbox 534 2545 666 2590; x_wconf 88' lang='lat' dir='ltr'>lubet,</span> <span class='ocrx_word' id='word_1_478' title='bbox 690 2544 858 2585; x_wconf 83' lang='lat' dir='ltr'>Batauos</span> <span class='ocrx_word' id='word_1_479' title='bbox 879 2540 938 2582; x_wconf 88' lang='lat' dir='ltr'>seu</span> <span class='ocrx_word' id='word_1_480' title='bbox 966 2540 1210 2585; x_wconf 87' lang='lat' dir='ltr'>Hollandos,</span> <span class='ocrx_word' id='word_1_481' title='bbox 1231 2554 1396 2595; x_wconf 90' lang='lat' dir='ltr'>quorum</span> <span class='ocrx_word' id='word_1_482' title='bbox 1414 2538 1664 2594; x_wconf 88' lang='lat' dir='ltr'>plurimorum</span> <span class='ocrx_word' id='word_1_483' title='bbox 1685 2539 1825 2593; x_wconf 78' lang='lat' dir='ltr'>egestas</span> <span class='ocrx_word' id='word_1_484' title='bbox 1851 2537 1967 2577; x_wconf 84' lang='lat' dir='ltr'>modo</span> <span class='ocrx_word' id='word_1_485' title='bbox 1990 2533 2071 2575; x_wconf 84' lang='lat' dir='ltr'>solo</span> 
     </span>
     <span class='ocr_line' id='line_1_45' title="bbox 491 2591 2072 2653; baseline -0.007 -10"><span class='ocrx_word' id='word_1_486' title='bbox 491 2603 596 2643; x_wconf 89' lang='lat' dir='ltr'>bello</span> <span class='ocrx_word' id='word_1_487' title='bbox 608 2602 826 2642; x_wconf 79' lang='lat' dir='ltr'>medicata:</span> <span class='ocrx_word' id='word_1_488' title='bbox 851 2612 1004 2641; x_wconf 86' lang='lat' dir='ltr'>tenuem</span> <span class='ocrx_word' id='word_1_489' title='bbox 1019 2600 1090 2639; x_wconf 85' lang='lat' dir='ltr'>iam</span> <span class='ocrx_word' id='word_1_490' title='bbox 1105 2598 1311 2653; x_wconf 69' lang='lat' dir='ltr'>prouincia</span> <span class='ocrx_word' id='word_1_491' title='bbox 1323 2597 1374 2637; x_wconf 90' lang='lat' dir='ltr'>illi</span> <span class='ocrx_word' id='word_1_492' title='bbox 1389 2607 1615 2639; x_wconf 86' lang='lat' dir='ltr'>tenuerunt,</span> <span class='ocrx_word' id='word_1_493' title='bbox 1630 2595 1691 2636; x_wconf 85' lang='lat' dir='ltr'>sed</span> <span class='ocrx_word' id='word_1_494' title='bbox 1707 2595 1847 2636; x_wconf 63' lang='lat' dir='ltr'>tnui-sta</span> <span class='ocrx_word' id='word_1_495' title='bbox 1858 2617 1868 2636; x_wconf 74' lang='lat'><em>2</em></span> <span class='ocrx_word' id='word_1_496' title='bbox 1882 2594 1924 2633; x_wconf 69' lang='grc' dir='ltr'><strong><em>δί</em></strong></span> <span class='ocrx_word' id='word_1_497' title='bbox 1937 2591 2072 2633; x_wconf 86' lang='lat' dir='ltr'>frustra</span> 
     </span>
     <span class='ocr_line' id='line_1_46' title="bbox 492 2648 2157 2714; baseline -0.007 -15"><span class='ocrx_word' id='word_1_498' title='bbox 492 2656 685 2714; x_wconf 73' lang='lat' dir='ltr'>Vtriusque</span> <span class='ocrx_word' id='word_1_499' title='bbox 710 2660 828 2699; x_wconf 77' lang='lat' dir='ltr'>Indiae</span> <span class='ocrx_word' id='word_1_500' title='bbox 841 2654 1006 2712; x_wconf 78' lang='lat' dir='ltr'>profufis</span> <span class='ocrx_word' id='word_1_501' title='bbox 1021 2655 1181 2711; x_wconf 83' lang='lat' dir='ltr'>opibus,</span> <span class='ocrx_word' id='word_1_502' title='bbox 1200 2649 1356 2709; x_wconf 81' lang='lat' dir='ltr'>totiusq;</span> <span class='ocrx_word' id='word_1_503' title='bbox 1372 2652 1572 2708; x_wconf 81' lang='lat' dir='ltr'>Hispanici</span> <span class='ocrx_word' id='word_1_504' title='bbox 1587 2651 1887 2708; x_wconf 70' lang='lat' dir='ltr'>Imperijviribus</span> <span class='ocrx_word' id='word_1_505' title='bbox 1900 2650 2074 2704; x_wconf 81' lang='lat' dir='ltr'>implica-</span> <span class='ocrx_word' id='word_1_506' title='bbox 2101 2648 2157 2698; x_wconf 83' lang='lat' dir='ltr'>D.</span> 
     </span>
     <span class='ocr_line' id='line_1_47' title="bbox 495 2706 2075 2767; baseline -0.006 -12"><span class='ocrx_word' id='word_1_507' title='bbox 495 2720 563 2756; x_wconf 85' lang='lat' dir='ltr'>tis:</span> <span class='ocrx_word' id='word_1_508' title='bbox 587 2730 699 2756; x_wconf 86' lang='lat' dir='ltr'>vuum</span> <span class='ocrx_word' id='word_1_509' title='bbox 712 2718 820 2755; x_wconf 89' lang='lat' dir='ltr'>maris</span> <span class='ocrx_word' id='word_1_510' title='bbox 836 2743 845 2758; x_wconf 87' lang='lat'>‚</span> <span class='ocrx_word' id='word_1_511' title='bbox 859 2712 1131 2767; x_wconf 84' lang='lat' dir='ltr'>fluminumque</span> <span class='ocrx_word' id='word_1_512' title='bbox 1142 2713 1345 2766; x_wconf 84' lang='lat' dir='ltr'>imperium</span> <span class='ocrx_word' id='word_1_513' title='bbox 1358 2711 1510 2751; x_wconf 88' lang='lat' dir='ltr'>tandem</span> <span class='ocrx_word' id='word_1_514' title='bbox 1523 2708 1581 2748; x_wconf 85' lang='lat' dir='ltr'>isti</span> <span class='ocrx_word' id='word_1_515' title='bbox 1596 2717 1802 2749; x_wconf 87' lang='lat' dir='ltr'>tenuerunt</span> <span class='ocrx_word' id='word_1_516' title='bbox 1814 2722 1822 2746; x_wconf 89' lang='lat'>:</span> <span class='ocrx_word' id='word_1_517' title='bbox 1836 2707 1878 2746; x_wconf 73' lang='grc' dir='ltr'>ὃ(</span> <span class='ocrx_word' id='word_1_518' title='bbox 1888 2706 1988 2747; x_wconf 82' lang='lat' dir='ltr'>vitro</span> <span class='ocrx_word' id='word_1_519' title='bbox 2002 2708 2075 2746; x_wconf 69' lang='lat' dir='ltr'>etia</span> 
     </span>
     <span class='ocr_line' id='line_1_48' title="bbox 494 2760 2073 2813; baseline -0.006 -1"><span class='ocrx_word' id='word_1_520' title='bbox 494 2772 636 2812; x_wconf 83' lang='lat' dir='ltr'>inferre</span> <span class='ocrx_word' id='word_1_521' title='bbox 650 2770 748 2812; x_wconf 81' lang='lat' dir='ltr'>bella</span> <span class='ocrx_word' id='word_1_522' title='bbox 762 2773 931 2812; x_wconf 87' lang='lat' dir='ltr'>Oriente</span> <span class='ocrx_word' id='word_1_523' title='bbox 945 2798 955 2813; x_wconf 91' lang='lat'>‚</span> <span class='ocrx_word' id='word_1_524' title='bbox 981 2784 1025 2810; x_wconf 87' lang='lat' dir='ltr'>ac</span> <span class='ocrx_word' id='word_1_525' title='bbox 1041 2769 1269 2809; x_wconf 83' lang='lat' dir='ltr'>Occidente</span> <span class='ocrx_word' id='word_1_526' title='bbox 1294 2778 1400 2811; x_wconf 90' lang='lat' dir='ltr'>toto,</span> <span class='ocrx_word' id='word_1_527' title='bbox 1424 2767 1466 2806; x_wconf 67' lang='grc' dir='ltr'>ὃ(</span> <span class='ocrx_word' id='word_1_528' title='bbox 1489 2763 1664 2805; x_wconf 60' lang='lat' dir='ltr'>clastibus</span> <span class='ocrx_word' id='word_1_529' title='bbox 1682 2763 1856 2804; x_wconf 73' lang='lat' dir='ltr'>infestare</span> <span class='ocrx_word' id='word_1_530' title='bbox 1879 2761 1961 2802; x_wconf 78' lang='lat' dir='ltr'>sunt</span> <span class='ocrx_word' id='word_1_531' title='bbox 1982 2760 2073 2803; x_wconf 75' lang='lat' dir='ltr'>aufi.</span> 
     </span>
     <span class='ocr_line' id='line_1_49' title="bbox 497 2818 2076 2882; baseline -0.006 -14"><span class='ocrx_word' id='word_1_532' title='bbox 497 2831 598 2882; x_wconf 74' lang='lat' dir='ltr'>Qus</span> <span class='ocrx_word' id='word_1_533' title='bbox 610 2828 746 2870; x_wconf 76' lang='lat' dir='ltr'>credat</span> <span class='ocrx_word' id='word_1_534' title='bbox 758 2831 934 2882; x_wconf 86' lang='lat' dir='ltr'>exiguum</span> <span class='ocrx_word' id='word_1_535' title='bbox 946 2826 1137 2879; x_wconf 87' lang='lat' dir='ltr'>populum</span> <span class='ocrx_word' id='word_1_536' title='bbox 1157 2839 1234 2864; x_wconf 88' lang='lat' dir='ltr'>non</span> <span class='ocrx_word' id='word_1_537' title='bbox 1252 2837 1419 2878; x_wconf 87' lang='lat' dir='ltr'>magnam</span> <span class='ocrx_word' id='word_1_538' title='bbox 1441 2825 1682 2877; x_wconf 88' lang='lat' dir='ltr'>prouinciam</span> <span class='ocrx_word' id='word_1_539' title='bbox 1699 2819 1954 2875; x_wconf 62' lang='lat' dir='ltr'>possidentem</span> <span class='ocrx_word' id='word_1_540' title='bbox 1979 2818 2076 2858; x_wconf 50' lang='lat' dir='ltr'>sola„</span> 
     </span>
     <span class='ocr_line' id='line_1_50' title="bbox 497 2879 2074 2936; baseline -0.008 -10"><span class='ocrx_word' id='word_1_541' title='bbox 497 2884 879 2929; x_wconf 78' lang='lat' dir='ltr'>marisinfestatione,</span> <span class='ocrx_word' id='word_1_542' title='bbox 890 2883 979 2924; x_wconf 89' lang='lat' dir='ltr'>orbi</span> <span class='ocrx_word' id='word_1_543' title='bbox 995 2879 1353 2936; x_wconf 70' lang='lat' dir='ltr'>propeimperaffe?</span> <span class='ocrx_word' id='word_1_544' title='bbox 1368 2893 1413 2919; x_wconf 83' lang='lat' dir='ltr'>ac</span> <span class='ocrx_word' id='word_1_545' title='bbox 1430 2892 1611 2933; x_wconf 84' lang='lat' dir='ltr'>tanquam</span> <span class='ocrx_word' id='word_1_546' title='bbox 1626 2892 1763 2918; x_wconf 82' lang='lat' dir='ltr'>nouam</span> <span class='ocrx_word' id='word_1_547' title='bbox 1777 2879 2074 2918; x_wconf 60' lang='lat' dir='ltr'>Numantiam-n</span> 
     </span>
     <span class='ocr_line' id='line_1_51' title="bbox 500 2933 2074 2996; baseline -0.008 -12"><span class='ocrx_word' id='word_1_548' title='bbox 500 2956 651 2984; x_wconf 86' lang='lat' dir='ltr'>omnem</span> <span class='ocrx_word' id='word_1_549' title='bbox 667 2940 891 2996; x_wconf 68' lang='lat' dir='ltr'>potetiffimi</span> <span class='ocrx_word' id='word_1_550' title='bbox 905 2943 947 2980; x_wconf 74' lang='grc' dir='ltr'>ὅ(</span> <span class='ocrx_word' id='word_1_551' title='bbox 960 2938 1157 2979; x_wconf 82' lang='lat' dir='ltr'>Catholici</span> <span class='ocrx_word' id='word_1_552' title='bbox 1171 2939 1287 2992; x_wconf 86' lang='lat' dir='ltr'>Regis</span> <span class='ocrx_word' id='word_1_553' title='bbox 1299 2940 1403 2978; x_wconf 90' lang='lat' dir='ltr'>annis</span> <span class='ocrx_word' id='word_1_554' title='bbox 1418 2940 1577 2989; x_wconf 80' lang='lat' dir='ltr'>amplius</span> <span class='ocrx_word' id='word_1_555' title='bbox 1590 2937 1766 2989; x_wconf 70' lang='lat' dir='ltr'>ostuagin</span> <span class='ocrx_word' id='word_1_556' title='bbox 1774 2946 1809 2973; x_wconf 86' lang='lat' dir='ltr'>ta</span> <span class='ocrx_word' id='word_1_557' title='bbox 1826 2942 2005 2974; x_wconf 84' lang='lat' dir='ltr'>conatum</span> <span class='ocrx_word' id='word_1_558' title='bbox 2019 2933 2074 2971; x_wconf 79' lang='lat' dir='ltr'>lu·</span> 
     </span>
     <span class='ocr_line' id='line_1_52' title="bbox 502 2987 2077 3049; baseline -0.008 -10"><span class='ocrx_word' id='word_1_559' title='bbox 502 2998 582 3039; x_wconf 77' lang='lat' dir='ltr'>siffe</span> <span class='ocrx_word' id='word_1_560' title='bbox 599 3001 637 3038; x_wconf 73' lang='grc' dir='ltr'>δε</span> <span class='ocrx_word' id='word_1_561' title='bbox 654 2996 849 3038; x_wconf 85' lang='lat' dir='ltr'>thesauros</span> <span class='ocrx_word' id='word_1_562' title='bbox 866 2994 1070 3038; x_wconf 78' lang='lat' dir='ltr'>emunxiffe</span> <span class='ocrx_word' id='word_1_563' title='bbox 1083 3004 1097 3035; x_wconf 66' lang='grc' dir='ltr'>Ρ</span> <span class='ocrx_word' id='word_1_564' title='bbox 1110 2992 1236 3049; x_wconf 81' lang='lat' dir='ltr'>ausuq3</span> <span class='ocrx_word' id='word_1_565' title='bbox 1249 2991 1479 3048; x_wconf 87' lang='lat' dir='ltr'>portentoso</span> <span class='ocrx_word' id='word_1_566' title='bbox 1492 2992 1624 3032; x_wconf 81' lang='lat' dir='ltr'>orbem</span> <span class='ocrx_word' id='word_1_567' title='bbox 1641 3002 1763 3032; x_wconf 85' lang='lat' dir='ltr'>totum</span> <span class='ocrx_word' id='word_1_568' title='bbox 1777 3004 1854 3030; x_wconf 84' lang='lat' dir='ltr'>non</span> <span class='ocrx_word' id='word_1_569' title='bbox 1869 2987 1975 3028; x_wconf 85' lang='lat' dir='ltr'>semel</span> <span class='ocrx_word' id='word_1_570' title='bbox 1986 3002 2077 3030; x_wconf 84' lang='lat' dir='ltr'>ena·</span> 
     </span>
     <span class='ocr_line' id='line_1_53' title="bbox 500 3046 2076 3108; baseline -0.005 -14"><span class='ocrx_word' id='word_1_571' title='bbox 500 3054 637 3108; x_wconf 78' lang='lat' dir='ltr'>uigaffe</span> <span class='ocrx_word' id='word_1_572' title='bbox 649 3078 661 3098; x_wconf 77' lang='lat'>‚</span> <span class='ocrx_word' id='word_1_573' title='bbox 678 3056 927 3108; x_wconf 78' lang='lat' dir='ltr'>audaciaeque</span> <span class='ocrx_word' id='word_1_574' title='bbox 939 3056 1099 3106; x_wconf 79' lang='lat' dir='ltr'>ingentis</span> <span class='ocrx_word' id='word_1_575' title='bbox 1111 3049 1182 3091; x_wconf 79' lang='lat' dir='ltr'>suae</span> <span class='ocrx_word' id='word_1_576' title='bbox 1195 3052 1347 3104; x_wconf 76' lang='lat' dir='ltr'>vestigia</span> <span class='ocrx_word' id='word_1_577' title='bbox 1362 3050 1536 3091; x_wconf 80' lang='lat' dir='ltr'>omnibus</span> <span class='ocrx_word' id='word_1_578' title='bbox 1551 3052 1625 3104; x_wconf 69' lang='lat' dir='ltr'>qua</span> <span class='ocrx_word' id='word_1_579' title='bbox 1637 3047 1689 3089; x_wconf 89' lang='lat' dir='ltr'>sol</span> <span class='ocrx_word' id='word_1_580' title='bbox 1700 3052 1823 3088; x_wconf 81' lang='lat' dir='ltr'>oritur</span> <span class='ocrx_word' id='word_1_581' title='bbox 1837 3046 1909 3099; x_wconf 70' lang='lat' dir='ltr'>qua</span> <span class='ocrx_word' id='word_1_582' title='bbox 1921 3047 2076 3086; x_wconf 78' lang='lat' dir='ltr'>occidit</span> 
     </span>
     <span class='ocr_line' id='line_1_54' title="bbox 503 3101 2077 3165; baseline -0.005 -14"><span class='ocrx_word' id='word_1_583' title='bbox 503 3110 625 3151; x_wconf 84' lang='lat' dir='ltr'>Orbis</span> <span class='ocrx_word' id='word_1_584' title='bbox 639 3123 825 3152; x_wconf 79' lang='lat' dir='ltr'>terrarum</span> <span class='ocrx_word' id='word_1_585' title='bbox 839 3113 960 3165; x_wconf 85' lang='lat' dir='ltr'>regnis</span> <span class='ocrx_word' id='word_1_586' title='bbox 974 3106 1192 3162; x_wconf 79' lang='lat' dir='ltr'>impreffiffe</span> <span class='ocrx_word' id='word_1_587' title='bbox 1204 3137 1213 3151; x_wconf 93' lang='lat'>‚</span> <span class='ocrx_word' id='word_1_588' title='bbox 1230 3106 1322 3147; x_wconf 87' lang='lat' dir='ltr'>nulli</span> <span class='ocrx_word' id='word_1_589' title='bbox 1333 3104 1548 3161; x_wconf 89' lang='lat' dir='ltr'>supplicem</span> <span class='ocrx_word' id='word_1_590' title='bbox 1561 3129 1571 3149; x_wconf 82' lang='lat'>‚</span> <span class='ocrx_word' id='word_1_591' title='bbox 1583 3105 1757 3145; x_wconf 85' lang='lat' dir='ltr'>omnibus</span> <span class='ocrx_word' id='word_1_592' title='bbox 1771 3103 1974 3142; x_wconf 84' lang='lat' dir='ltr'>minantem</span> <span class='ocrx_word' id='word_1_593' title='bbox 1988 3101 2077 3143; x_wconf 77' lang='lat' dir='ltr'>?sed</span> 
     </span>
     <span class='ocr_line' id='line_1_55' title="bbox 503 3157 2070 3220; baseline -0.005 -13"><span class='ocrx_word' id='word_1_594' title='bbox 503 3169 544 3207; x_wconf 73' lang='grc' dir='ltr'>ὃ(</span> <span class='ocrx_word' id='word_1_595' title='bbox 559 3182 675 3211; x_wconf 79' lang='lat' dir='ltr'>nouas</span> <span class='ocrx_word' id='word_1_596' title='bbox 692 3168 789 3211; x_wconf 89' lang='lat' dir='ltr'>orbe</span> <span class='ocrx_word' id='word_1_597' title='bbox 803 3182 908 3215; x_wconf 86' lang='lat' dir='ltr'>nouo</span> <span class='ocrx_word' id='word_1_598' title='bbox 921 3177 1039 3207; x_wconf 84' lang='lat' dir='ltr'>terras</span> <span class='ocrx_word' id='word_1_599' title='bbox 1054 3195 1065 3211; x_wconf 88' lang='lat'>,</span> <span class='ocrx_word' id='word_1_600' title='bbox 1089 3166 1284 3220; x_wconf 86' lang='lat' dir='ltr'>mariaque</span> <span class='ocrx_word' id='word_1_601' title='bbox 1309 3163 1419 3205; x_wconf 88' lang='lat' dir='ltr'>nullis</span> <span class='ocrx_word' id='word_1_602' title='bbox 1446 3174 1536 3205; x_wconf 83' lang='lat' dir='ltr'>ante</span> <span class='ocrx_word' id='word_1_603' title='bbox 1563 3161 1741 3208; x_wconf 69' lang='lat' dir='ltr'>clastibus</span> <span class='ocrx_word' id='word_1_604' title='bbox 1765 3162 1855 3199; x_wconf 71' lang='lat' dir='ltr'>trita</span> <span class='ocrx_word' id='word_1_605' title='bbox 1878 3157 2070 3199; x_wconf 71' lang='lat' dir='ltr'>retexiffe,</span> 
     </span>
     <span class='ocr_line' id='line_1_56' title="bbox 1937 3215 2025 3258; baseline 0.011 -1"><span class='ocrx_word' id='word_1_606' title='bbox 1937 3215 2025 3258; x_wconf 82' lang='lat' dir='ltr'>dum</span> 
     </span>
    </p>
   </div>
  </div>
 </body>
</html>
