2206 3480
402 101 492 150 586
650 90 756 145 DE
794 86 1185 143 coM1T11s
1224 85 1801 143 ROMANORVM.

412 194 562 231 tentiam
575 191 721 230 patrum
745 183 919 238 Populus
945 179 1204 222 confirmabat
1217 210 1226 219 .
1878 198 1900 217 x,

463 246 645 298 Suffragia
658 242 882 283 ferebantur
897 241 1042 287 acurijs
1063 236 1204 277 Vocalia
1220 235 1335 291 vsque
1346 249 1427 292 quo
1443 239 1564 279 Anno
1583 237 1891 281 V.C.DCX1V.
1906 254 2000 283 cau-

407 314 486 344 tum
496 302 608 343 fuerit
623 323 633 341 ‚
646 311 685 338 vt
705 298 885 346 Comitijs
898 324 908 339 ,
919 294 1058 349 quibus
1073 292 1313 347 Magistratus
1326 305 1570 339 crearentur,
1597 294 1767 351 Populus
1782 309 1863 337 non
1874 310 1994 345 voce,

410 360 474 400 sed
499 354 650 396 Tabella
672 352 882 406 suffragium
898 350 1018 392 ferret
1043 381 1052 390 .
1095 354 1150 392 Ita
1170 349 1330 391 liberum
1346 351 1528 392 iudicium
1539 349 1640 393 suum
1654 355 1692 393 in
1710 352 1996 408 Magistratibus

407 414 585 455 creandis
594 410 721 462 Popul
732 422 772 450 us
794 409 966 450 habebat
997 439 1006 448 .
1036 410 1185 448 Secutae
1200 406 1299 448 hanc
1310 407 1432 462 legem
1446 407 1531 449 sunt
1543 409 1679 451 &aliae
1692 432 1704 453 2
1731 410 1874 465 quibus
1901 423 1997 452 cau-

405 479 545 513 tum‚vt
557 471 671 509 etiam
683 469 720 506 in
741 467 906 516 Iudiciis
918 463 1076 520 populi,
1089 465 1127 505 in
1143 464 1290 519 legibus
1303 464 1494 511 iubendis,
1508 466 1549 507 δι
1567 465 1759 512 vetandis,
1773 469 1865 510 item
1876 471 1915 509 in
1931 470 1994 510 Iu·

407 527 515 567 dicio
530 523 812 580 perduellionis
828 522 968 564 tabulae
982 520 1273 577 vsurparentur.
1917 517 1928 524 “
1986 558 1989 561 .

464 585 694 623 Centuriata
711 579 1125 630 ComitiaaCenturijs
1138 579 1350 624 dicuntur-3
1371 577 1482 620 ficuti
1496 580 1656 622 Curiata
1677 582 1698 622 a
1724 583 1855 634 Curijs
1878 613 1888 624 .
1925 581 1993 624 Ad

152 642 312 688 Canariam
321 640 379 670 co·
407 653 572 695 quorum
588 641 773 678 rationem
788 635 1072 692 intelligendam
1085 635 1201 677 refert
1212 634 1319 680 scire,
1334 636 1447 688 Quid
1458 634 1600 677 fuerint
1610 639 1866 683 Centuriae‚·&
1876 640 1896 680 a
1910 653 1992 694 quo

152 692 243 712 ’mm'
406 697 612 739 institutae?
627 697 711 735 Fuit
724 706 850 735 autem
865 696 898 734 C
904 696 1134 734 enturiarum
1148 695 1447 742 austorSeruius
1459 693 1608 734 Tullius
1630 707 1673 736 vt
1684 709 1733 736 ex
1748 697 1875 741 Liuio,
1888 696 1992 737 Dio·

404 754 513 809 nysio
525 776 537 797 2
551 751 664 793 Floro
679 752 722 791 &
737 750 817 800 aliis
834 764 905 791 :ex
920 750 1165 803 quibuslibet
1177 748 1365 791 ascribere
1381 750 1499 790 verba
1513 749 1669 806 Dionys.
1683 752 1749 794 lib.
1759 766 1799 800 4.
1812 752 1866 794 ibi
1879 767 1889 794 :
1910 755 1992 793 Ser·

407 806 593 866 uiusizfft
609 807 741 862 censeri
752 809 847 846 bona
859 810 1016 847 omnium
1028 808 1172 846 Cinium
1191 818 1268 846 cum
1291 807 1526 847 iureiurando
1538 806 1637 850 bonae
1648 808 1747 864 fidei
1765 831 1778 854 ‚
1801 808 1991 864 affiriptis

409 870 526 912 atatis
538 867 644 906 annis
657 887 668 907 2
681 864 727 907 ὠ·
737 872 935 918 parentum
944 861 1148 903 nominibus
1157 885 1169 906 ‚
1182 871 1295 918 atque
1304 862 1393 904 adeo
1405 863 1601 904 liberorum
1617 870 1726 906 etiam
1747 895 1757 911 ,
1784 876 1897 921 atque
1909 877 1991 905 com

404 930 526 977 iugum
539 937 552 962 :
566 921 618 962 ad
627 921 702 963 haec
713 933 823 975 quam
834 919 985 976 quque
996 921 1169 971 regionem
1184 920 1304 963 Vrbis,
1324 934 1500 974 quemque
1506 932 1638 973 pagum
1651 922 1819 963 incoleret
1839 937 1850 963 :
1873 924 1907 962 ei
1922 922 1988 976 qus·

407 996 481 1024 non
495 977 692 1034 censeretur
699 989 804 1031 poena
815 977 995 1032 propcfita
1006 1006 1014 1020 ‚
1028 986 1075 1014 vt
1088 976 1189 1015 bonis
1200 978 1239 1014 in
1237 975 1370 1030 fifium
1381 976 1537 1016 redafflis
1543 999 1556 1020 ‚
1566 977 1668 1027 caefias
1679 981 1796 1032 virgis
1804 1003 1815 1023 ‚
1832 977 1906 1033 sisb
1918 977 1990 1018 ha-

391 1038 610 1090 staveniret
623 1035 779 1088 :diuque
794 1049 835 1073 ea
848 1035 912 1073 lex
926 1035 1099 1073 Romanis
1097 1031 1252 1083 seruata
1264 1031 1332 1072 est.
1371 1033 1533 1075 Perasto
1549 1032 1662 1073 censu
1677 1048 1763 1075 cum
1779 1032 1989 1090 exscripto
2015 1013 2054 1065 B

404 1092 621 1149 &ipsorum
636 1104 832 1132 numerum
844 1119 853 1134 ‚
868 1091 909 1130 &
923 1103 1019 1145 opes
1032 1103 1165 1130 eorum
1180 1087 1423 1144 cognouiffet
1436 1117 1446 1132 .
1460 1101 1700 1131 commentus
1713 1091 1766 1132 est
1778 1092 1990 1133 institutum

405 1150 656 1204 Reipublicae
671 1146 950 1188 saluberrimum
964 1163 973 1192 ;
993 1158 1034 1187 vt
1047 1161 1096 1187 ex
1107 1149 1280 1201 quinque
1293 1142 1473 1186 classibus
1485 1146 1760 1201 praeditstorum
1779 1146 1992 1189 constitue-

407 1221 559 1251 rentur.
576 1206 768 1250 CXCHI.
800 1207 995 1247 Centuriae
1014 1233 1025 1248 ,
1051 1204 1093 1244 &
1118 1206 1326 1258 vnicuique
1352 1200 1455 1244 classi
1468 1217 1570 1244 arma
1590 1203 1710 1244 essent
1723 1204 1918 1260 praefinita
1942 1201 1994 1245 ad

406 1278 540 1308 munus
555 1260 752 1315 praecisum
763 1293 771 1302 .
804 1261 1068 1302 Centuriones
1083 1259 1226 1300 deinde
1253 1259 1425 1315 praefecti
1453 1290 1464 1306 ,
1498 1271 1539 1301 vt
1565 1258 1723 1316 quisque
1745 1273 1830 1303 erat
1843 1263 1994 1302 virtutis

405 1317 679 1377 spestatiffimae
698 1347 708 1363 ,
732 1319 799 1373 qui
820 1321 1011 1359 centurias
1022 1320 1219 1372 imperatis
1229 1317 1458 1372 peragendis
1475 1316 1701 1358 assuesceret
1714 1349 1723 1359 .
1759 1318 1817 1359 Hi
1831 1317 1993 1359 ordines

403 1379 508 1422 fuere
518 1389 592 1419 tam
609 1377 924 1431 Legiona1·iorum
939 1397 950 1418 φ
979 1388 1094 1429 quam
1102 1374 1196 1415 leuis
1208 1386 1406 1416 armaturae
1420 1375 1595 1429 peditum
1611 1378 1805 1430 :equitum
1815 1388 1910 1416 vero
1922 1374 1992 1415 de-

405 1438 541 1480 testum
555 1434 690 1475 habuit
703 1446 750 1474 ex
765 1429 1058 1487 opulentissimis
1070 1463 1080 1473 .

467 1496 587 1535 Erant
598 1495 711 1546 igitur
723 1492 951 1532 Centuriata
970 1490 1143 1530 Comitia
1158 1512 1169 1533 ‚
1186 1488 1327 1543 quibus
1339 1487 1511 1543 Populus
1535 1503 1603 1544 per
1618 1486 1782 1530 claffium
1799 1487 1996 1530 centurias

410 1550 548 1594 diuisus
572 1548 783 1603 suffragium
812 1546 960 1586 serebat
978 1559 997 1591 ,¹
1025 1551 1075 1586 ita
1096 1558 1135 1587 vt
1155 1544 1325 1602 suffragia
1341 1547 1619 1601 colligerentur
1633 1547 1895 1587 centuriarum
1915 1560 1927 1591 5
1950 1545 1995 1586 &

410 1608 515 1665 quod
529 1607 656 1662 plures
680 1605 879 1652 Centuriae
901 1601 1078 1645 iuffiffent
1089 1626 1100 1647 ‚
1115 1602 1154 1643 id
1170 1616 1291 1644 ratum
1303 1602 1531 1644 haberetur.
1547 1606 1603 1647 Vt
1615 1614 1737 1644 autem
1750 1603 1994 1645 Centuriart‘u

407 1671 462 1708 ita
474 1669 583 1705 etiam
596 1663 912 1702 Centuriatorum
931 1663 1174 1702 comitiorum
1188 1661 1323 1702 austor
1337 1659 1409 1701 fuit
1421 1662 1574 1702 Seruius
1591 1660 1746 1701 Tullius
1764 1674 1812 1701 ex
1838 1660 1994 1714 Diony·

411 1723 466 1766 fio
483 1722 524 1760 &
542 1720 655 1759 Liuio
669 1750 678 1759 .

449 1779 513 1818 De
528 1773 647 1816 causis
661 1777 919 1816 Comitiorum
937 1775 1252 1815 Centuriatorum
1265 1773 1382 1814 refert
1396 1775 1527 1829 Diony
1536 1773 1620 1814 fius:
1637 1774 1807 1815 Seruium
1822 1772 1995 1814 Tullium

412 1839 558 1887 Regem
576 1836 647 1872 tria
661 1831 840 1881 Comitijs
856 1832 924 1871 illis
938 1829 1142 1884 peregiffe;
1163 1841 1295 1885 vtputa
1312 1830 1548 1884 Magistratus
1568 1829 1727 1874 creasse,
1739 1829 1840 1884 leges
1856 1827 1995 1874 tulisse,

413 1888 603 1932 &bellum
617 1886 808 1929 indixiffe:
831 1887 938 1941 quod
954 1887 1167 1927 institutum
1181 1888 1293 1926 etiam
1312 1891 1398 1940 post
1412 1886 1578 1928 affertam
1592 1890 1628 1926 in
1641 1887 1859 1927 libertatem
1875 1889 1991 1931 Rem·
2012 1861 2059 1911 C

413 1947 608 2005 publicam
625 1942 864 2000 permansisse
877 1957 924 1984 ex
940 1948 1315 1998 antiquarumrerum
1333 1943 1608 1998 scriptoribus.

469 2001 643 2045 Personae
660 2015 816 2056 quarum
831 2005 1046 2042 interuentu
1063 2003 1232 2041 Comitia
1244 1999 1471 2041 Centuriata
1495 2001 1648 2054 peraeta
1670 1998 1753 2040 sunt
1780 2015 1791 2046 ;
1818 1997 1995 2054 triplices

418 2058 707 2102 considerandae
731 2057 815 2099 sunt
838 2087 848 2096 .
877 2059 977 2099 Aliae
1003 2058 1278 2107 videlicetquae
1301 2059 1355 2097 ius
1369 2056 1586 2097 habuerunt
1608 2058 1779 2098 Comitia
1797 2059 1992 2097 centuria-

417 2130 456 2159 ta
473 2116 721 2159 conuocandi
737 2130 746 2156 :
760 2115 837 2156 aliae
850 2113 1155 2170 qu.esiiff1·agium
1167 2118 1204 2154 in
1217 2116 1262 2164 ijs
1276 2114 1487 2154 intulerunt
1501 2128 1511 2154 .·
1542 2115 1620 2155 aliae
1635 2127 1720 2169 quae
1735 2113 1793 2153 his
1809 2112 1993 2162 Comitijs

417 2185 559 2229 praeter
572 2176 722 2228 priores
734 2171 858 2212 adelse
875 2176 1073 2227 oportuit.
1099 2174 1160 2212 Ius
1172 2173 1287 2227 igitur
1302 2171 1439 2211 horum
1453 2174 1708 2213 Comitiorum
1723 2169 1994 2211 habendorum

417 2231 487 2273 fuit
499 2243 616 2286 penes
629 2229 867 2285 Magistratus
880 2232 1041 2270 maiores
1057 2239 1216 2273 tanturm
1233 2230 1274 2269 ὃς
1286 2227 1442 2284 quidem
1459 2242 1575 2282 penes
1588 2226 1993 2271 Consules‚Praetores‚

416 2286 624 2331 Censores,
640 2288 882 2330 metatores,
912 2290 1124 2342 Interreges
1147 2315 1157 2330 ‚
1179 2285 1382 2326 Tribunos
1396 2285 1553 2326 militum
1569 2283 1766 2327 Consulari
1784 2283 1995 2338 potestate,

415 2345 458 2384 &
479 2345 700 2384 Ditstatores
716 2344 859 2394 legibus
872 2341 1082 2384 scribendis
1094 2376 1103 2384 .
1133 2341 1403 2397 Personaequae
1416 2340 1627 2395 suffragium
1637 2341 1820 2383 tulerunt,
1836 2338 1993 2378 fuerunt

417 2401 555 2444 Ciues,
570 2404 637 2454 qui
650 2403 687 2439 in
702 2403 905 2441 Centurias
919 2398 1107 2454 descripti
1121 2409 1232 2440 erant
1245 2427 1254 2442 ‚
1268 2403 1411 2453 quique
1426 2400 1481 2437 ius
1495 2396 1655 2451 suffragii
1672 2395 1874 2436 habebant
1888 2408 1990 2435 :non

417 2468 565 2499 tantum
579 2459 690 2512 quiin
706 2455 815 2498 Vrbe
837 2456 963 2495 Roma
984 2454 1047 2494 sed
1068 2456 1179 2496 etiam
1192 2458 1258 2510 qui
1270 2465 1379 2495 extra
1395 2453 1542 2495 Vrbem
1557 2457 1593 2494 in
1609 2452 1719 2494 Italia
1737 2449 1989 2497 habitabant.

416 2515 573 2555 ciuitate
585 2524 707 2554 tamen
722 2526 805 2552 cum
818 2515 899 2551 iure
914 2509 1073 2566 suffragij
1092 2512 1226 2552 donati
1241 2522 1352 2552 erant
1375 2540 1384 2551 .
1416 2511 1555 2563 Neque
1570 2523 1701 2551 omnes
1711 2512 1826 2551 Ciues
1840 2509 1907 2564 qui
1922 2508 1997 2549 ina

415 2571 527 2612 Vrbe
539 2569 833 2613 habitabant,ius
849 2566 1009 2623 suffragii
1021 2570 1199 2619 Comitijs
1213 2570 1437 2609 centuriatis
1449 2566 1667 2608 habebant:
1682 2570 1746 2622 qui
1757 2569 1855 2607 enim
1869 2565 1890 2605 ὲ
1902 2577 1995 2605 cen-

416 2626 562 2668 soribus
576 2628 789 2681 ignominiae
802 2624 908 2666 causa
923 2625 1164 2667 vocabantur
1176 2640 1186 2669 ;
1199 2625 1224 2666 fi
1237 2625 1378 2680 plebeii
1399 2623 1537 2668 essent,
1552 2614 1993 2674 adimebatnrijsiussuf.
2024 2631 2075 2689 D

417 2683 522 2737 fragij
540 2684 602 2727 ;&
614 2682 927 2724 referebanturin
940 2683 1084 2723 tabulas
1097 2685 1248 2724 ciuium
1261 2696 1414 2726 eorum,
1430 2683 1496 2736 qui
1511 2684 1650 2721 eoiure
1677 2679 1864 2721 carebant
1882 2707 1894 2724 ‚
1919 2691 1993 2719 nec

419 2752 530 2781 erant
545 2743 581 2779 in
595 2739 683 2780 albo
697 2742 892 2780 Centuriae
903 2737 974 2780 suae
983 2738 1046 2779 sed
1059 2750 1208 2779 tanturn
1223 2749 1263 2779 vt
1277 2753 1352 2793 pro
1368 2741 1502 2791 capite
1521 2735 1587 2778 suo
1601 2738 1736 2778 tributi
1753 2736 1906 2777 nomine
1918 2748 1994 2776 aera

419 2795 638 2851 penderent
649 2827 658 2836 .
670 2798 814 2837 Praeter
829 2809 894 2836 eos
908 2807 1043 2840 autem,
1058 2795 1106 2835 de
1123 2795 1264 2849 quibus
1282 2795 1469 2840 diximus,
1485 2798 1595 2835 etiam
1609 2792 1786 2849 quasdam
1803 2792 1999 2847 aliasper-

417 2853 525 2895 sonas
539 2853 597 2893 his
612 2854 793 2901 Comitijs
805 2853 978 2893 interesse
993 2855 1195 2907 oportuit,
1221 2865 1377 2907 quarum
1388 2862 1534 2893 tantum
1547 2855 1700 2891 nomina
1712 2850 1778 2890 hic
1793 2849 1970 2891 recitabo
1983 2878 1994 2889 .

417 2912 588 2952 Fuerunt
603 2922 727 2950 autem
741 2909 812 2953 illi,
828 2912 865 2948 in
878 2910 1059 2960 Comitijs
1075 2908 1230 2964 quidem
1250 2908 1536 2963 Magistratuum
1549 2907 1774 2951 candidati,
1803 2904 1994 2947 Distribu-

418 2979 524 3008 tores
536 2990 547 3010 ‚
568 2967 806 3021 Rogatores‚
820 2965 1030 3010 Custodes,
1047 2968 1237 3007 Praetores
1252 2995 1261 3009 ,
1273 2965 1322 3005 de
1340 2966 1478 3020 quibus
1496 2964 1581 3006 alias
1594 2961 1717 3004 forsan
1736 2963 1905 3003 dicemus
1919 2990 1929 3001 .

476 3027 518 3064 ln
534 3023 626 3063 loco
638 3027 862 3076 inaugurato
878 3022 1106 3063 Centuriata
1121 3024 1292 3064 Comitia
1302 3021 1436 3062 haberi
1450 3021 1667 3076 oportebat
1680 3049 1691 3065 ‚
1711 3033 1788 3060 non
1804 3029 1926 3058 tamen
1941 3019 1996 3057 in-

417 3090 478 3123 tra
493 3084 707 3135 pomerium
719 3079 782 3119 sed
797 3089 925 3124 extra,
938 3091 977 3118 vt
987 3081 1110 3121 docet
1126 3079 1292 3135 Agellius
1305 3078 1372 3119 lib.
1395 3090 1546 3134 15.cap.
1563 3092 1628 3125 27.
1651 3075 1760 3131 quod
1779 3077 1891 3115 ctiam
1901 3086 2000 3129 qon-

417 3135 545 3178 firmat
558 3140 624 3191 Sp.
637 3136 874 3178 posthumius
889 3135 1045 3176 Consul.
1065 3138 1194 3177 Locus
1209 3146 1332 3176 autem
1346 3135 1584 3177 Centuriatis
1597 3133 1778 3182 Comitijs
1790 3130 2001 3172 destinatus

417 3205 501 3234 erat
515 3196 688 3248 Campus
701 3194 880 3236 Martius,
893 3206 1005 3247 quem
1018 3196 1164 3235 Cicero
1179 3192 1277 3235 dicit
1287 3207 1298 3240 ς
1310 3189 1742 3248 Considaribusauspicy's
1753 3187 2004 3254 consecratum

1863 3257 1951 3299 quia

2012 190 2055 243 A
