2206 3480
0 1149 10 1174 '⁴¹
0 1125 20 1138 ι
3 1108 6 1113 ·
0 905 21 1091 azymas-v

293 118 385 170 DE
413 116 617 167 LVDIS
639 113 763 167 SEV
787 107 1238 166 SPECTACVLIS
1262 106 1544 161 ROMAN.
1674 128 1692 161 ι
1709 130 1735 169 9
1754 131 1773 168 3

100 216 140 267 A
167 222 270 251 anno
287 212 380 261 365.
395 207 458 248 vbi
473 210 769 262 Spond.num.5.
790 220 875 262 quae
886 207 906 248 a
917 205 1199 247 successoribus
1213 204 1356 248 deinde
1371 210 1497 263 Impp.
1507 207 1546 246 in
1559 215 1686 246 totum
1699 204 1784 247 fue-

166 281 211 310 re,
230 265 446 322 prohibita:
460 268 602 306 etenim
620 278 764 321 praeter
778 263 1049 306 Theodosium
1062 266 1255 312 iuniorem
1265 266 1483 309 etiamLeo
1498 267 1596 319 Imp.
1614 262 1662 303 ad
1680 276 1781 303 con..

169 324 375 366 ciliandam
389 322 455 363 fibi
470 324 742 376 vD-iuinitatem,
756 321 991 364 sanctionem
1005 322 1130 363 edidit
1144 350 1156 367 ‚
1165 321 1385 376 prohibens
1397 320 1608 367 Circenses
1618 349 1627 365 ‚
1646 321 1689 361 &
1704 321 1779 362 alia

170 380 395 437 speetacula.
405 380 544 422 diebus
561 379 715 424 festinis,
726 390 767 421 vt
782 379 854 420 inl.
871 379 1049 420 vlt.Cod.
1065 379 1114 419 de
1125 380 1257 431 ferus,
1275 379 1447 423 &refert
1460 380 1604 424 Baton.
1616 382 1778 433 an.469.

184 439 251 481 vbi
261 440 413 494 Spond.
428 450 570 479 num·2.
795 459 797 461 ·
858 458 873 466 ‹·
1119 455 1122 459 ·
1274 478 1278 479 ⁷
1346 463 1348 465 -
1427 464 1432 471 ,
1551 471 1554 475 Α
1668 477 1670 480 ,
1707 476 1710 483 ,

228 498 354 541 Porro
372 526 383 542 ‚
421 508 462 536 vt
482 499 588 536 iuxta
609 494 778 536 nostrum
810 493 1019 535 institutum
1030 523 1039 538 ‚
1062 494 1223 549 aliquod
1251 495 1474 551 proficuum
1498 494 1738 537 deducamus
1770 528 1778 543 ,
1803 513 2003 552 confidmm,

173 556 274 595 Cum
287 554 417 609 vulgus
431 551 492 594 sua
506 565 646 594 natura
657 552 800 594 mobile
810 552 857 594 fit
867 553 943 596 25&
962 551 1184 593 inconstans
1195 580 1204 595 .
1226 552 1487 608 nouitatisque
1502 550 1774 600 auidiffimum;

170 613 407 667 plerumque
424 609 495 652 nisi
505 612 692 665 prudenti
703 611 871 668 quadam
883 611 1039 651 ratione
1053 610 1075 650 a
1088 608 1312 664 Magistratu
1325 621 1582 654 coerceatur-5
1597 616 1779 655 nouatio-

170 683 240 710 nes
254 671 529 724 imperiorum,
543 668 775 709 &ordinum
794 669 1030 709 mutationes
1045 667 1202 709 molitur
1215 699 1223 708 .
1245 669 1336 709 Hoc
1359 667 1498 708 malum
1511 671 1642 712 -cauti,
1668 669 1711 709 δε
1727 667 1785 709 sa·-

171 729 329 781 pientes
342 726 731 782 Principes-publicis
745 726 844 773 ludis
853 726 926 776 ,ὃς
941 727 1145 777 exercitiis
1159 726 1715 781 vtplurimumpraecauerunn
1739 736 1781 767 vt

175 782 377 827 hominum
388 783 862 840 genijsipstinclinarent:
881 796 931 824 ex
942 783 1109 825 quenal.
1124 787 1163 824 in
1176 786 1299 840 Satyr.
1460 802 1464 804 >
1516 800 1522 803 ⁵
1544 802 1600 839 1-1'1
1645 824 1649 826 ,
1690 823 1696 826 .

401 843 567 884 Cererem
581 842 628 889 ὠ
639 840 820 896 Circenses
829 842 971 882 anxius
982 850 1087 894 optat
1101 874 1112 889 ‚
1197 874 1201 879 .
1413 868 1415 870 -
1650 860 1655 863 v
1682 874 1685 878 ,

226 897 740 945 Eiufinodiexe'rcitationes
759 912 840 956 quo
850 901 978 954 magis
1000 899 1115 942 animi
1133 929 1143 945 ‚
1168 900 1213 942 &
1244 900 1431 956 eorporis
1457 900 1557 940 vires
1570 899 1759 942 vexciumt
1770 926 1780 945 2
1806 916 1972 955 Luat-qam„
1988 916 2032 944 .·‚.t

168 954 655 1001 eosimtinstitutomnstro
668 956 1030 999 accomodatiores.
1049 957 1304 1006 Instituebant
1316 959 1451 998 Graeci
1468 959 1615 997 maiore
1632 955 1781 999 acumi-
1804 959 1948 996 (timendi-²

169 1027 217 1056 ne
228 1014 274 1056 &
286 1011 538 1057 delestusuos
547 1013 686 1060 ludos,
700 1027 800 1070 quos
815 1013 1023 1070 Olympia,
1036 1015 1175 1071 Pythia
1186 1045 1198 1062 ‚
1213 1017 1258 1057 N
1260 1030 1381 1061 umea,
1397 1013 1551 1056 Isthmia
1562 1022 1777 1053 vocarunt:

108 1051 147 1102 B
167 1073 340 1117 Romani
353 1084 451 1114 vero
464 1075 504 1115 in
515 1067 587 1115 suis
601 1071 922 1127 Apollinaribus,
945 1072 1207 1120 Secularibus‚
1235 1072 1498 1123 Gladiatorijs
1511 1100 1521 1116 ,
1543 1070 1777 1116 Comoedis,

168 1127 481 1172 venationibus,
507 1129 551 1170 ὅ(
562 1131 662 1180 -alijs
688 1129 953 1185 ludicriquuae
977 1130 1254 1177 ostenderunt,
1277 1141 1406 1186 neque
1419 1129 1578 1183 aliquan
1589 1128 1643 1167 do
1668 1129 1781 1167 exci-

168 1188 240 1228 tati
253 1188 378 1231 animi,
392 1199 521 1242 neque
536 1186 678 1229 debito
694 1187 818 1227 modo
833 1191 975 1242 agitata
986 1185 1146 1234 fuerunt
1159 1202 1354 1244 corpora;
1370 1186 1490 1229 solum
1501 1185 1692 1237 temporis
1706 1195 1774 1223 tae-

169 1242 277 1285 dium
293 1242 533 1286 subleuatum
548 1273 558 1285 .
571 1244 826 1297 ¹Graecorum
846 1254 974 1297 autem
994 1244 1149 1287 theatra
1171 1246 1339 1300 optimae·
1354 1243 1509 1289 fuerunt
1524 1244 1780 1282 exercitatio-

168 1314 240 1342 nes
263 1303 445 1355 corporis
469 1301 513 1341 &
535 1304 668 1342 animi.
704 1300 782 1342 Sed
795 1299 901 1345 missa
912 1300 1001 1347 haec
1023 1300 1147 1345 facio.
1167 1301 1359 1357 Augustus
1381 1303 1478 1357 Imp.
1492 1296 1782 1354 sapientiffimus

169 1354 336 1414 ipsemet
345 1354 497 1411 semper
511 1357 682 1413 publicis
693 1357 878 1403 illisludis
889 1356 1086 1405 interfuit;
1106 1370 1187 1400 tum
1215 1371 1256 1400 vt
1269 1362 1393 1400 maior
1405 1371 1538 1399 eorum
1554 1355 1645 1396 effen
1658 1356 1780 1410 digni-

169 1426 252 1460 tas‚-
273 1416 316 1458 &
334 1413 562 1461 celebritas;
580 1426 660 1456 tum
673 1424 716 1455 vt
728 1414 1055 1461 commonstraret
1066 1430 1196 1458 curam
1215 1415 1250 1457 se
1264 1431 1342 1457 non
1359 1430 1518 1469 paruam
1534 1429 1611 1470 pro
1624 1412 1782 1468 populo

166 1471 534 1526 recreandogerere
552 1504 560 1514 .
591 1476 871 1516 Verumtamen
887 1471 1013 1517 multis
1032 1477 1138 1516 annis
1153 1471 1354 1515 intermissi
1375 1473 1458 1514 ludi
1487 1471 1542 1512 ob
1564 1483 1780 1526 aquarum„

167 1530 467 1575 inundationes,
482 1530 525 1571 &
539 1529 644 1571 bella
655 1527 800 1571 affidua
811 1539 953 1572 contra
966 1529 1176 1576 barbaros,
1199 1531 1335 1585 postea
1347 1532 1439 1571 vero
1452 1527 1574 1570 rursus
1593 1529 1613 1568 a
1636 1526 1779 1567 Theo-

168 1586 555 1632 dorico‘Gothorum
567 1589 699 1642 Rege,
719 1586 788 1627 sed
810 1589 982 1629 Arriano
1001 1587 1248 1632 laudabiliter
1277 1588 1476 1630 instaurati
1497 1586 1673 1627 fuerunt.
1700 1585 1778 1624 Hie

169 1643 350 1691 theatra,
373 1644 687 1700 amphitheatra,
715 1645 916 1688 circulos,
935 1659 1084 1701 pugnas
1095 1645 1273 1689 nauales,
1303 1653 1486 1699 variaque
1501 1646 1707 1685 exercitia,
1737 1642 1781 1681 ὃ(

167 1701 284 1745 ludos
295 1712 470 1744 veterum
484 1701 616 1744 denuo
626 1703 665 1743 in
681 1700 986 1743 nouamscenam
1009 1702 1224 1758 produxit:
1254 1714 1295 1743 vt
1319 1712 1488 1759 propter
1500 1711 1607 1742 tanta
1639 1698 1784 1755 populi

169 1758 475 1807 oblectamenta,
485 1758 561 1803 fibi
575 1760 686 1802 vnice
699 1760 897 1815 perpetuo
906 1759 1014 1800 hunc
1030 1764 1311 1815 Imperatorem
1331 1762 1498 1800 Romani
1513 1767 1660 1812 exopta
1671 1768 1759 1796 rent
1774 1788 1782 1796 .

168 1815 431 1860 Imitabantur
442 1816 523 1861 hoc
536 1817 766 1862 Matthaeus,
781 1818 823 1860 ὃ(
837 1817 1038 1859 Galeatius
1051 1821 1316 1860 vicecomites
1329 1816 1559 1858 Mediolani
1577 1829 1586 1855 ε
1605 1817 1779 1857 Lauren-

99 1888 145 1941 G
171 1877 272 1920 tius.
295 1875 340 1916 &
352 1876 492 1918 Petrus
505 1874 555 1917 de
572 1874 762 1916 Medices
773 1875 985 1916 Florentiae
998 1874 1296 1917 decursionibus
1307 1904 1316 1922 ‚
1327 1874 1457 1926 stadijs
1472 1897 1483 1917 ‚
1506 1873 1550 1913 &
1565 1871 1756 1913 similibus
1771 1891 1782 1912 ›

150 1922 257 1990 ‘quo
268 1932 427 1975 nomine
439 1932 490 1974 ab
505 1933 685 1974 omnibus
704 1932 982 1988 diligebantur.
1024 1979 1026 1983 y
1742 1959 1745 1964 -

229 1990 379 2033 Procul
391 2001 517 2032 autem
530 1990 580 2032 ab
597 1990 658 2032 his
669 1989 900 2046 spestaculis
912 1989 1115 2031 discrimen
1127 1993 1216 2032 vitae
1231 1989 1330 2031 abfit‘
1345 2003 1354 2029 :
1378 1987 1484 2028 secus
1498 1989 1596 2025 enim
1622 1984 1648 2026 ss
1675 1998 1788 2038 pera-

175 2057 313 2101 gantur
330 2077 341 2092 ,
362 2062 442 2088 non
455 2047 697 2090 ludicrorum
712 2050 916 2101 proprium
930 2049 1104 2086 retinent
1117 2077 1125 2085 .
1160 2046 1364 2085 Ludorum
1379 2048 1479 2085 enim
1492 2053 1629 2083 natura
1644 2042 1718 2084 est,
1747 2045 1785 2080 in

174 2104 337 2146 euidens
349 2105 567 2159 periculum
579 2133 588 2148 ,
602 2115 670 2145 aut
684 2105 865 2148 damnum
881 2103 1141 2157 praecipitare
1155 2106 1356 2146 neminem,
1370 2102 1495 2142 multo
1512 2103 1634 2140 minus
1649 2100 1785 2138 interi-

175 2174 283 2203 mere
294 2192 304 2202 .
336 2163 509 2203 Zizimus
518 2160 638 2201 frater
653 2161 843 2200 Baiazetis
862 2158 1197 2213 percontantibus
1221 2160 1329 2202 olim,
1357 2159 1452 2212 quid
1479 2159 1529 2197 de
1554 2156 1696 2199 nostris
1719 2157 1789 2195 de-

177 2217 421 2261 cursionibus
436 2216 613 2260 sentiret:
629 2214 735 2269 [nfra
753 2215 915 2271 serium,
935 2214 1137 2271 respondit
1153 2244 1164 2260 ,
1177 2214 1277 2269 longi?
1296 2214 1389 2269 fimt
1399 2213 1520 2268 pcfita
1533 2243 1543 2258 ,
1556 2213 1707 2254 iocandi
1717 2227 1787 2251 au-

181 2284 255 2317 tem
268 2275 417 2317 modum
429 2275 615 2319 excedunt
626 2274 669 2315 ob
680 2273 825 2315 euz'dens
838 2275 929 2315 vitae
933 2273 1138 2327 periculum
1151 2305 1160 2314 .

240 2333 351 2385 Qid
366 2331 751 2387 quodspestatorum
765 2332 901 2376 animi,
917 2344 969 2372 ex
979 2334 1148 2372 cruentis
1166 2329 1352 2372 eiusmodi
1364 2329 1526 2371 theatris
1538 2359 1548 2374 ,
1573 2328 1790 2369 &ludicris

183 2389 359 2432 caedibus
371 2390 650 2435 extimulantur
663 2391 712 2431 ad
722 2388 892 2431 furorem
907 2418 918 2434 ,
937 2387 1206 2443 tyrannidem,
1218 2387 1556 2443 sanguinolentiam
1573 2410 1584 2430 ‚
1600 2388 1680 2427 &e
1692 2386 1793 2437 Qae

183 2447 238 2490 nil
250 2445 316 2490 nifi
326 2445 497 2494 diffidia,
520 2451 797 2489 contentiones
809 2476 820 2492 ‚
833 2447 963 2488 caedes
975 2470 986 2490 ‚
1001 2445 1151 2501 aliaque
1163 2445 1305 2488 delista
1323 2449 1482 2499 pariunt
1493 2476 1502 2485 .
1535 2444 1611 2484 His
1627 2444 1788 2483 rationi-

183 2504 258 2546 bus
272 2504 458 2546 accensus
475 2505 702 2550 Honorius,
726 2516 767 2546 vt
778 2505 936 2560 quidam
949 2504 1085 2545 volunt
1097 2533 1108 2548 ‚
1124 2504 1270 2560 pugiles
1290 2502 1402 2546 Vrbe
1425 2505 1614 2543 remouit·
1648 2501 1791 2539 Mona-

186 2562 302 2603 chum
313 2565 412 2605 enim
430 2565 470 2604 in
491 2563 651 2616 impiam
670 2561 772 2603 illam
795 2559 1136 2604 consuetudinem,
1161 2558 1478 2614 execrabilesque
1490 2561 1588 2598 ritus
1614 2554 1788 2609 asperius

187 2620 456 2662 inuehentem:
478 2620 655 2674 Populus
670 2643 681 2664 ‚
696 2622 763 2675 qui
775 2620 839 2658 die
853 2618 969 2659 illoin
984 2621 1158 2659 cruentis
1176 2618 1249 2658 illis
1262 2617 1423 2658 theatris
1437 2614 1635 2671 spectator
1648 2612 1772 2653 fuerat
1784 2641 1794 2655 .

189 2676 228 2716 in
240 2677 387 2717 rabiem
402 2679 508 2719 astus
524 2677 574 2718 de
590 2677 723 2718 medio
740 2674 880 2720 sustulit
893 2707 901 2715 .
1455 2674 1458 2677 ’

106 2725 158 2776 D
246 2732 338 2775 Infit
349 2737 464 2776 etiam
477 2738 644 2790 grauitas
657 2735 700 2775 &
713 2731 893 2774 honestas
904 2731 1008 2773 hisce
1022 2731 1121 2773 ludis
1131 2747 1144 2773 .·
1168 2748 1248 2788 quo
1264 2732 1365 2773 enim
1382 2734 1541 2787 propius
1558 2728 1606 2770 ad
1617 2739 1790 2768 naturam

190 2790 401 2832 honestatis
417 2793 460 2832 &
474 2794 668 2847 dignitatis
683 2791 891 2835 accedunt,
905 2791 981 2832 hoc
996 2794 1109 2845 magis
1127 2790 1255 2831 valent
1267 2791 1317 2831 ad
1328 2790 1570 2829 inuitandum
1585 2785 1790 2841 populum,

193 2847 544 2890 &oblectandum
576 2849 758 2890 Felicitas
770 2849 898 2893 enim,
921 2863 1034 2905 quam
1053 2849 1208 2894 theatra
1228 2859 1413 2902 tanquam
1432 2849 1470 2887 in
1495 2844 1656 2902 speculo
1680 2843 1792 2882 nobis

192 2907 382 2948 exhibent
400 2934 411 2950 ,
426 2907 508 2946 duo
519 2909 558 2946 in
569 2904 604 2946 se
621 2908 916 2962 complectitur,
928 2906 1226 2961 voluptatem&
1241 2905 1482 2946 honestatem
1497 2936 1505 2945 .
1528 2901 1704 2944 Pluribus
1720 2904 1788 2938 ita-

196 2978 272 3019 que
283 2964 567 3019 tragoediarum
578 2960 660 3003 vsus
670 2992 681 3008 ,
698 2977 812 3019 quam
825 2964 1110 3005 comoediarum
1123 2964 1319 3020 probatur
1329 2993 1338 3002 .
1366 2962 1590 3002 Comoedi-<e
1602 2961 1700 2998 enim
1718 2958 1792 2995 dc)

194 3022 311 3063 rebus
323 3022 373 3063 ab
383 3020 585 3061 honestate
601 3021 877 3061 remotioribus
897 3032 1032 3075 agunt,
1060 3023 1103 3061 &
1124 3022 1275 3063 astores
1297 3033 1427 3062 earum
1446 3021 1577 3074 potius
1608 3013 1796 3065 agunthi-

197 3077 358 3120 striones
369 3108 381 3124 ‚
397 3079 473 3120 fiue
486 3077 646 3118 lenones
660 3106 669 3121 ‚
683 3091 796 3133 quam
808 3077 988 3119 ludorum
1003 3078 1167 3120 artifices
1186 3111 1194 3119 .

258 3137 368 3177 Hinc
384 3150 463 3177 non
476 3136 554 3178 fine
568 3133 679 3176 causa
691 3138 751 3176 lus
763 3135 1109 3177 Canonicumillos
1126 3134 1347 3191 abaptismo
1362 3143 1469 3175 arcet
1481 3162 1489 3174 ‚
1510 3144 1636 3186 neque
1650 3130 1699 3170 ad
1715 3130 1790 3168 Eu-

197 3191 386 3236 charistiae
398 3193 675 3236 sacramentum
687 3194 863 3233 admittit
874 3216 884 3235 ›
904 3193 973 3234 nisi
984 3196 1091 3248 turpi
1107 3194 1173 3234 illo
1189 3194 1302 3236 lucro
1317 3203 1447 3232 manus
1461 3189 1701 3229 abstineant.
1715 3187 1793 3227 Sed

197 3251 292 3304 quid
303 3253 360 3292 ius
371 3254 618 3294 Canonicum
636 3251 677 3291 δε
692 3248 980 3294 Ecclefiasticas
992 3250 1294 3294 constitutiones
1311 3254 1688 3290 commemoramus?
1716 3247 1796 3284 Sci-

1673 3303 1743 3360 pio
