2206 3480
192 66 552 182 oviam-ER
565 105 741 163 ΗΘΜ.
756 108 855 163 AD
872 106 1574 165 HONORESPROMOTL
1663 137 1677 168 1
1705 134 1759 176 53

77 214 118 267 A
144 209 299 249 virtutis
317 218 429 248 erant
443 239 452 248 .
472 209 520 250 Et
538 207 839 264 quamquamilli
851 209 1106 252 nobilitatem
1121 219 1349 252 tuerentur:
1367 212 1422 251 ita
1442 220 1567 252 tamen
1582 240 1592 255 ,
1615 208 1762 253 sinara-

140 265 232 307 lium
248 264 448 321 splendori
461 280 587 307 mores
605 266 888 320 responderent
903 282 913 312 ;
943 283 1029 309 nam
1056 269 1194 323 ignaua
1222 268 1432 317 nobilitate
1456 267 1550 308 nihil
1575 270 1726 323 turpius
1745 285 1756 315 3

141 322 234 365 nihil
247 323 544 364 abominabilius
572 323 625 364 est
643 324 718 363 illis
730 327 831 378 ,-·qui
843 324 920 365 sola
932 327 1118 366 maiorum
1130 324 1254 380 gloria
1271 339 1431 380 magnos
1452 324 1489 366 se
1500 327 1733 381 expendunt
1746 357 1756 373 ,

139 393 229 422 cum
243 395 315 436 per
328 381 568 425 socordiam,
595 381 781 421 &luxum
793 393 976 435 paternas
998 396 1096 437 opes
1110 381 1375 428 exhauserint,
1404 383 1448 426 &
1466 385 1559 424 inde
1572 389 1756 439 -praemias

139 438 423 480 virtutidebita
436 436 622 493 sperant:
650 450 819 491 cumque
833 437 1019 487 maiorum
1032 440 1194 493 gloriam
1215 438 1390 494 segnitie,
1420 442 1464 481 &
1483 442 1727 493 impuritate,
1743 471 1754 487 ,

137 494 320 552 malisque
332 494 477 536 artibus
494 494 865 539 obtenebraueriut,
879 493 1039 536 fortium
1053 500 1223 537 virorum
1242 502 1368 538 munia
1383 497 1627 553 deposcunt:
1651 503 1754 540 inani

139 552 313 610 quodam
322 551 415 593 fastu
429 581 440 596 ,
454 553 652 606 quidquid
662 555 810 594 virtute
823 550 884 593 sua
895 567 1070 607 magnum
1084 552 1138 593 est
1151 583 1161 597 ‚
1173 552 1373 606 calcantes
1386 570 1396 594 .·
1420 555 1527 609 quasi
1541 555 1663 597 aliena
1677 558 1756 597 vir·

142 622 230 652 tute
245 610 644 664 magni,'propriaque
658 610 819 654 viduati,
835 613 1006 665 praemijs
1018 611 1161 651 donari
1174 610 1348 652 debeant
1359 625 1372 650 .·
1387 626 1462 652 nec
1475 613 1610 654 vident
1621 612 1754 659 miseri,

140 671 309 709 maiores
323 665 360 707 se
374 664 459 707 suos
472 665 674 711 damnare,
697 667 718 707 a
734 681 896 723 quorum
907 667 1118 708 virtutibus
1128 679 1269 708 nomen
1282 666 1352 708 fibi
1366 669 1594 710 Nobilitatis
1607 676 1754 711 mutua-

137 736 212 768 tur:
234 728 417 780 quoniam
430 724 673 766 nobilitatem
685 727 722 764 in
734 724 914 779 posteros
929 725 987 765 illi
1003 739 1081 766 non
1092 724 1379 766 transmififfent
1394 741 1405 770 ;
1419 727 1488 767 nisi
1507 731 1647 767 virtute
1664 743 1754 782 par·r

135 794 217 825 tam
234 782 336 824 illam
353 779 586 824 habuissent:
597 795 644 822 ac
656 782 772 826 etiam
786 783 993 837 Principes
1004 783 1216 825 damnandi
1226 787 1414 829 venirent,
1428 786 1494 839 qui
1507 785 1620 839 primi
1634 789 1754 825 maio-

139 853 202 882 res
219 838 388 895 ipsorum
402 840 572 895 praemijs
593 840 794 881 donarunt
808 872 821 881 ,
849 841 946 881 Sane
959 838 987 879 fi
1000 841 1110 895 plebi
1124 855 1134 885 ·,
1165 839 1417 897 obscurisque
1429 841 1519 882 olim
1531 841 1755 883 hominibus

138 898 266 939 aditus
285 898 334 938 ad
348 897 557 952 dignitates
571 896 614 937 &
628 897 773 938 maiora
785 895 1146 939 fuiffetinterclusus
1157 922 1170 942 2
1180 928 1183 931 Δ
1193 898 1335 941 nullam
1347 898 1467 939 hodie
1480 899 1755 940 nobilitatem-0

140 967 443 996 numeraremus.
474 958 522 997 Et
536 968 615 994 non
630 968 745 995 omne
758 960 872 1010 quod
885 969 991 995 nunc
1011 955 1159 997 clarum
1177 955 1254 1000 est,
1280 957 1494 1011 aliquando
1521 958 1560 997 in
1582 954 1752 997 obscuro

136 1015 253 1054 iacuit
270 1021 285 1054 Ρ
305 1011 600 1054 inueterascent
613 1014 710 1052 noui
720 1016 903 1068 quoque,
927 1014 970 1053 &
991 1015 1093 1053 inter
1112 1013 1313 1060 vetustatis
1337 1013 1515 1067 exempla
1537 1014 1750 1070 aliquando

80 1044 118 1094 B
137 1081 252 1112 erunt
267 1102 275 1110 .
306 1072 695 1126 Summoitaqueiure
710 1067 829 1125 prisci
844 1071 1013 1111 Romani
1031 1071 1285 1126 negligebant
1299 1071 1341 1111 ὅ(
1354 1070 1596 1126 repellebant
1606 1071 1654 1112 ab
1673 1086 1753 1112 om-

136 1130 178 1169 ni
190 1127 344 1169 honore
361 1128 404 1168 ὃ(
415 1128 590 1183 publicis
602 1127 827 1168 muneribus
839 1156 850 1173 ,
863 1131 929 1183 qui
938 1131 1088 1183 generis
1097 1130 1318 1169 claritatem
1331 1126 1517 1169 fastorum
1530 1127 1749 1169 obscurita-

136 1197 181 1230 te
195 1185 579 1230 contaminauerant3
604 1183 722 1225 sedin
737 1188 842 1226 omni
856 1199 996 1240 genere
1007 1199 1166 1240 magnos
1180 1199 1318 1240 parare
1328 1185 1398 1226 illis
1414 1199 1517 1226 curae
1542 1196 1644 1231 erat;
1666 1187 1705 1225 &
1728 1186 1749 1226 ἐ

139 1244 277 1285 vicinis
294 1246 410 1285 etiam
426 1240 662 1297 remotisque
674 1246 802 1298 regnis
812 1246 959 1298 primos
972 1242 1147 1297 quosque
1159 1243 1372 1284 virtutibus
1386 1243 1600 1285 eliciebant
1611 1275 1620 1284 .

173 1329 178 1333 -
197 1298 374 1354 Triplex
388 1301 510 1355 igitur
518 1300 622 1341 ordo
635 1303 673 1340 in
687 1300 755 1341 illo
768 1301 928 1355 populo
940 1310 1022 1340 erat
1034 1300 1253 1345 distinstus3
1265 1302 1405 1356 nempe
1414 1301 1618 1345 Senatores,
1635 1302 1750 1354 Equi-

138 1366 192 1398 tes
203 1386 214 1402 ‚
228 1361 344 1410 quiin
358 1358 575 1413 magistratu
588 1387 598 1402 ‚
612 1359 785 1412 imperiis
798 1386 809 1403 ,
837 1359 881 1398 δε
892 1356 1063 1408 confilijs
1075 1357 1355 1399 intendebant:
1380 1361 1424 1398 ὃς
1439 1357 1497 1397 isti
1511 1361 1641 1412 capita
1656 1358 1752 1397 Rei-

138 1413 309 1470 publicae
323 1424 433 1455 erant
447 1447 456 1454 .
488 1416 652 1456 Tertius
668 1416 774 1456 ordo
789 1424 872 1455 erat
884 1414 1040 1465 Populus
1053 1413 1116 1455 seu
1127 1414 1239 1455 Plebs
1250 1444 1261 1459 ‚
1283 1420 1350 1470 qui
1361 1415 1531 1470 parebat
1544 1417 1587 1455 &
1603 1417 1751 1455 minora

139 1471 315 1513 membra
331 1471 589 1513 dicebantur:
611 1486 744 1513 omnes
766 1472 804 1512 in
816 1470 884 1524 suo
899 1471 1039 1512 ordine
1060 1473 1238 1531 egregios
1249 1471 1378 1523 fuisse,
1403 1484 1476 1513 nec
1498 1473 1640 1528 quibus
1657 1473 1753 1513 alia..

143 1541 238 1585 gens
253 1527 366 1570 facile
379 1541 677 1584 compararetur
690 1562 700 1571 .
757 1544 761 1545 ⁷
1514 1536 1518 1541 “

198 1587 406 1627 Senatores
419 1587 583 1641 proprie
599 1589 649 1629 ad
665 1587 817 1628 clauum
840 1586 1055 1633 sedebam·
1080 1602 1246 1645 quorum
1261 1590 1452 1644 grauitaS,
1479 1587 1686 1642 sapientia,
1708 1588 1753 1628 &
1802 1618 1823 1635 ε,
1879 1618 1891 1634 s
1906 1618 1919 1634 ς

141 1642 315 1684 maiestas
336 1643 512 1697 expressa
543 1658 616 1699 per
636 1644 785 1686 Liuium
806 1645 871 1685 lib.
885 1644 989 1699 9.his
1006 1645 1159 1687 verbis:
1180 1649 1244 1688 Ex
1264 1647 1420 1698 Regibus
1443 1643 1607 1686 constare
1623 1646 1753 1687 dixit,

139 1714 237 1741 vnus
252 1714 383 1741 veram
394 1703 467 1740 eius
472 1698 628 1755 speciem
644 1702 781 1755 cepsse;
812 1707 842 1743 is
854 1701 927 1743 fuit
939 1706 1096 1759 Cyneas
1107 1705 1257 1759 legatus
1272 1704 1410 1759 Pyrrhi
1426 1706 1544 1758 Regis
1561 1732 1571 1747 ‚
1594 1704 1751 1757 ingenio

137 1757 271 1814 sagax,
290 1761 356 1814 qui
372 1771 462 1799 cum⁴
477 1759 627 1801 Vrbem
639 1757 827 1813 lustrasset
842 1771 960 1816 atque
973 1764 1089 1803 etiam
1109 1761 1448 1815 blandiloquentia
1465 1761 1507 1801 ὃ(
1519 1760 1753 1802 munificen-

139 1820 196 1857 tia
210 1817 311 1857 va'ri&
325 1815 506 1857 tentaffet
519 1839 530 1860 2
545 1817 595 1857 ad
612 1819 762 1873 Regem
774 1817 895 1868 rediit
908 1841 920 1862 2
937 1819 981 1860 ὃς
994 1821 1275 1874 interroganti,
1302 1829 1345 1859 vt
1362 1817 1479 1859 refert
1495 1818 1629 1858 Florus
1642 1817 1707 1857 lib.
1719 1831 1752 1858 1.

68 1878 117 1928 C
141 1872 430 1930 cap.18.„Quid
447 1873 491 1913 de
503 1872 654 1924 hstium
671 1874 759 1930 sede
777 1875 960 1930 sentiret?
982 1876 1109 1916 Vrbem
1120 1876 1294 1929 templum
1310 1875 1388 1930 fibi
1403 1873 1548 1928 vistim,
1576 1876 1753 1915 Senatum

67 1945 70 1948 ·
144 1932 280 1984 Regum
294 1930 356 1987 effi
368 1930 552 1985 consessum
565 1961 576 1976 ,
591 1930 792 1983 fatebatur
808 1964 817 1972 .
840 1930 1097 1974 Caffiodorus
1113 1934 1162 1972 de
1172 1931 1240 1973 suo
1253 1947 1339 1973 aeuo
1351 1936 1501 1987 inquit:
1528 1931 1615 1970 Vrbs
1631 1945 1741 1970 orna-

142 1998 181 2029 ta
195 1990 344 2043 eximys
356 1988 590 2029 §emtoribus
601 2013 612 2033 ,
638 1989 746 2030 beata
770 1998 846 2030 tam
862 1989 1045 2030 nobilibus
1063 1990 1211 2042 Populis
1221 2021 1239 2032 ..
1251 1993 1300 2029 Et
1310 1990 1336 2029 fi
1349 1999 1443 2028 tunc
1457 1986 1613 2041 quidem
1626 1987 1747 2028 decli*

143 2055 263 2085 nante
281 2048 456 2101 imperio
471 2045 520 2085 ab
534 2046 601 2086 illa
614 2046 834 2101 praestantia
845 2045 1044 2089 defecisse,
1055 2046 1099 2086 &
1124 2057 1166 2085 vt
1178 2045 1326 2099 grande
1337 2043 1544 2086 aedificium
1558 2046 1746 2099 paulatim

140 2099 203 2144 fua
218 2101 318 2143 mole
347 2116 440 2142 mox
465 2101 576 2142 ruiffe
590 2132 599 2146 ,
612 2102 811 2143 constaret
827 2133 835 2142 .

195 2161 315 2201 Erant
326 2169 451 2200 autem
465 2162 502 2199 in
518 2159 586 2199 iilo
599 2162 738 2201 Senatu
753 2160 882 2210 eximij
899 2159 1056 2201 Cinium
1068 2188 1080 2207 ,
1097 2159 1275 2205 Genere‚
1291 2158 1416 2200 Censu
1428 2182 1439 2202 ,
1452 2159 1625 2201 Virtute.
1643 2160 1750 2200 Nam

139 2215 226 2258 haec
239 2213 471 2272 spestabant
489 2229 498 2255 .·
520 2230 592 2257 nec
611 2217 751 2257 temere
767 2217 856 2257 viles
870 2245 881 2261 ‚
911 2227 976 2257 aut
1001 2217 1182 2258 sordidos
1202 2217 1297 2266 (etsi
1312 2217 1492 2272 plebeios
1509 2217 1720 2272 aliquando
1736 2240 1747 2259 ,

142 2287 241 2329 quos
254 2287 389 2327 magna
404 2275 527 2314 virtus
539 2273 748 2322 eueheret)
774 2279 913 2328 inopes
929 2287 1124 2329 nunquam
1140 2297 1151 2318 ,
1183 2276 1226 2315 &
1242 2274 1448 2330 improbos
1466 2276 1554 2315 raro
1572 2275 1754 2314 admitte,

141 2331 239 2372 bant
253 2345 263 2375 3
286 2341 351 2370 aut
364 2331 391 2372 fi
407 2330 503 2371 tales
517 2330 732 2386 aliquando
744 2331 1003 2386 recepissent,
1029 2346 1108 2373 non
1121 2346 1188 2373 eos
1204 2333 1411 2373 tenebant.
1443 2330 1633 2372 Censores
1649 2345 1754 2371 nam-

142 2402 220 2442 que
235 2387 342 2428 hunc
358 2391 539 2429 Senatum
550 2387 747 2444 legebant:
773 2402 890 2443 atque
904 2390 1024 2441 ijdem
1037 2403 1110 2445 per
1128 2389 1270 2444 singula
1283 2388 1403 2430 lustra
1418 2389 1690 2430 examinabant
1707 2402 1751 2429 ac

143 2445 389 2501 relegebant3
420 2446 463 2486 &
477 2444 503 2486 fi
520 2449 604 2502 quis
620 2446 717 2486 loco
731 2460 779 2487 eo
793 2445 990 2501 indignus,
1006 2458 1071 2487 aut
1082 2445 1106 2486 si
1118 2446 1215 2502 quid
1227 2450 1266 2488 in
1281 2450 1437 2502 priuata
1452 2451 1565 2487 etiam
1580 2450 1656 2486 vita
1670 2457 1751 2485 tur-
1777 2462 1779 2464 ·

140 2515 193 2556 pe
207 2512 271 2544 aut
287 2500 521 2543 maculosum
536 2502 749 2548 notabant,
774 2507 887 2545 etiam
902 2504 1139 2546 emovebant
1162 2505 1182 2545 a
1204 2508 1366 2545 Senatu.
1400 2504 1537 2544 Fiebat
1564 2514 1687 2542 autem
1709 2501 1751 2542 id

142 2558 295 2600 silentio
308 2583 319 2604 ,
336 2561 379 2600 δι’.
393 2558 468 2600 fine
488 2559 756 2604 accusatione,
775 2562 814 2602 &
825 2558 969 2617 absque
983 2565 1210 2616 cognitione
1222 2560 1343 2601 causae
1357 2561 1462 2615 apud
1481 2560 1660 2604 Iudices;
1690 2573 1749 2600 re-

144 2616 309 2658 citando
321 2615 522 2658 dumtaxat
534 2621 572 2658 in
589 2620 730 2659 Senatu
744 2619 888 2673 (quod
901 2618 1073 2673 publice,
1090 2620 1131 2658 ὃ(
1145 2616 1368 2659 solemniter
1382 2617 1502 2658 fiebat
1515 2617 1538 2670 )
1553 2618 1594 2657 &
1607 2630 1746 2657 nomen

138 2671 235 2712 illius
249 2674 544 2726 praetereundo,
567 2689 682 2730 quem
696 2685 842 2716 motum
857 2678 998 2716 Senatu
1014 2674 1184 2720 venenu
1204 2678 1258 2716 ita
1279 2689 1364 2716 cum
1378 2676 1416 2715 in
1440 2674 1530 2716 albo
1553 2675 1620 2714 illo
1644 2688 1747 2717 non-2

61 2711 116 2764 D
141 2727 234 2770 esset
247 2758 258 2773 ‚
270 2734 392 2771 necin
407 2734 549 2773 Senatu
561 2731 807 2773 censebatur.
843 2731 966 2774 Causa
978 2732 1134 2788 quidem
1148 2735 1194 2783 ijs
1206 2732 1390 2773 mouendi
1403 2730 1552 2786 semper
1565 2743 1650 2774 erat
1667 2761 1676 2776 ‚
1703 2734 1746 2771 &

138 2785 238 2827 hanc
251 2784 535 2841 subfignabant,
572 2790 614 2830 &
629 2790 850 2831 volentibus
863 2789 1057 2831 edebant:
1081 2788 1146 2830 sed
1172 2801 1323 2831 certare
1338 2790 1388 2830 de
1409 2805 1452 2830 ea
1467 2791 1537 2830 lite
1552 2820 1560 2834 ,
1581 2790 1633 2829 nil
1645 2803 1745 2842 opus

138 2853 221 2884 erat
235 2858 246 2888 3
264 2843 504 2887 &iudicium
516 2848 536 2887 a
551 2858 625 2888 tam
638 2847 816 2901 grauibus
830 2851 920 2888 viris
936 2845 1170 2893 sufficiebat,
1184 2849 1228 2889 ὃς
1241 2847 1483 2904 approbatio
1497 2846 1716 2888 habebatur
1733 2859 1742 2884 .·

138 2902 184 2942 ὃς
199 2899 307 2956 fiper
320 2899 497 2943 affestum
516 2903 965 2960 aliquandoiudicaffent
991 2905 1138 2961 (quod
1160 2907 1248 2946 raro
1260 2904 1504 2958 eueniebat)
1525 2904 1583 2955 alij
1596 2902 1744 2945 Censoe

136 2972 199 2999 res
211 2971 303 2998 mox
318 2959 566 3012 reponebant
582 2993 590 3001 .

162 3069 164 3071 ι
191 3015 384 3056 Numerus
395 3027 520 3057 autem
536 3031 690 3061 eorum,
712 3020 830 3073 quiin
852 3022 992 3060 Senatu
1006 3019 1126 3060 effent
1138 3019 1252 3062 elesti
1264 3035 1275 3065 ς
1288 3021 1402 3061 initio
1418 3021 1438 3060 a
1459 3018 1631 3058 Romulo
1650 3030 1742 3056 ‹ten-

137 3081 220 3111 tum
232 3084 368 3118 erant;
385 3074 427 3114 &
441 3075 573 3114 Patres
588 3104 597 3118 ,
619 3075 821 3130 ijdemque
833 3077 1060 3122 Senatores;
1073 3077 1144 3118 ·vel
1167 3079 1187 3118 a
1217 3091 1310 3118 cura
1322 3108 1332 3122 ,
1360 3076 1419 3122 vel
1430 3074 1478 3115 ab
1495 3085 1607 3115 aetate
1622 3074 1648 3113 d
1663 3074 1715 3119 sti
1726 3106 1737 3121 ·.=

135 3128 273 3169 Postea
284 3130 544 3172 adtrecentos
560 3145 742 3175 creuere,
765 3134 806 3172 ὅ(
828 3134 1016 3188 ἱηζῙὶὸετα
1038 3134 1264 3190 Republica
1287 3135 1337 3176 iic
1359 3128 1526 3173 mansere
1548 3130 1663 3186 vsque
1687 3131 1738 3172 ad

135 3184 280 3231 Liuium
296 3185 477 3229 Drusum.
508 3193 544 3230 Is
569 3194 606 3230 in
625 3190 871 3232 Pctbunatm
896 3204 984 3232 cum
1005 3205 1101 3246 opes
1116 3196 1276 3234 Senatus
1291 3190 1403 3231 vellet
1419 3188 1611 3231 extollere
1624 3218 1635 3234 ,
1661 3187 1743 3228 eoso

136 3239 226 3282 dem
237 3242 393 3301 iudicijs
409 3250 522 3288 etiam
535 3260 791 3303 proponere;
807 3262 1001 3292 numerum
1013 3252 1129 3299 auxit,
1145 3251 1188 3290 ὃ(
1202 3250 1251 3290 ad.
1261 3247 1468 3289 sexcentos
1485 3244 1600 3295 fecit„
1622 3246 1668 3285 M
1675 3260 1741 3286 an-

1330 3308 1372 3356 Υ
1598 3299 1682 3347 fisse
