2206 3480
413 81 439 113 2
806 55 1703 111 PRAEFATIO.

416 153 570 209 sepulta
585 160 710 197 iacet;
742 164 815 193 nec
830 149 933 192 aliud
946 147 1029 188 haec
1042 144 1126 187 sunt
1138 159 1251 200 quam
1270 148 1414 201 ‘egregij
1433 149 1566 202 operis
1589 147 1722 189 vmbra
1737 172 1749 192 ‚
1771 150 1814 190 &
1837 149 2026 193 cadauer.
2060 141 2101 192 A

421 215 580 268 Spirant
594 223 720 252 tamen
735 208 821 249 haec
835 210 964 248 omnia
973 206 1136 244 Romam
1153 203 1252 244 illam
1267 216 1435 244 veterem
1447 234 1456 249 ,
1479 206 1522 245 ὃς
1544 203 1645 244 velut
1654 203 1836 248 scintillas
1850 210 2029 249 emittunt·

418 274 533 325 primi
548 267 787 325 splendor-is„
808 269 864 306 Ex
876 264 1077 318 parietinis
1087 260 1162 300 istis
1173 290 1182 305 ,
1193 261 1233 300 &
1248 274 1296 302 ex
1306 260 1500 315 lapidibus
1515 263 1640 315 imago
1652 261 1775 301 statim
1789 268 1914 304 animo
1925 263 2025 304 obo-

422 329 522 369 ritur
538 325 657 366 Vrbis
669 354 678 368 ,
693 336 777 377 quae
789 336 861 362 vna
872 320 941 360 fuit
951 317 1000 358 ab
1013 319 1116 358 omni
1132 332 1217 373 aeuo
1233 341 1244 359 ‚
1256 319 1298 358 &
1314 333 1384 359 vna
1398 322 1488 362 erit;
1508 329 1544 359 vt
1557 316 1678 359 refert
1691 321 1866 372 antiquus
1878 323 2003 362 Poeta
2014 354 2022 363 .

585 385 679 422 Non
689 383 997 420 tamenannorum
1007 374 1139 428 feries,
1163 388 1235 414 non
1243 374 1399 429 flamma
1411 398 1422 419 ‚
1440 389 1504 416 nec
1513 378 1606 429 ignis

642 431 843 486 Aeternism'
862 435 989 486 potuit
1005 431 1074 471 hoe
1085 431 1228 471 abolere
1239 431 1343 472 decus
1358 460 1366 469 .

423 499 540 538 Cuius
555 497 680 548 magni
694 491 853 546 Imperi]
871 504 942 545 per
957 499 1017 529 tot
1028 487 1163 529 saecula
1188 491 1411 529 continuati
1436 490 1606 545 reliquiae
1626 493 1663 530 in
1682 491 1885 531 Germania
1897 489 2024 530 adhue

423 562 641 597 remanent;
664 551 707 590 ὃς
726 551 767 589 in
778 548 981 591 Austriaca
996 547 1117 587 domo
1128 575 1137 590 ‚
1164 543 1263 586 ficut
1277 560 1326 586 ex
1338 547 1496 600 Aquilae
1508 547 1636 588 adhuc
1651 546 1825 602 spirantis
1838 547 2025 602 symbolo:

422 612 474 651 de
487 613 595 650 cuius
605 608 897 664 praeeminentia
918 603 970 644 fic
986 602 1165 657 loquitur
1177 604 1423 658 Areopagita
1435 605 1486 645 de
1498 603 1649 645 Caelest.
1663 604 1855 645 hierarch.
1867 618 1952 659 cap.
1962 618 1978 646 1
1990 620 2023 654 5.

416 672 531 709 ‹Porro
543 662 692 719 effigiem
703 663 843 718 Aquilae
853 664 998 713 Regiam
1010 660 1223 712 dignitatem
1235 682 1247 702 >
1270 670 1477 714 motumque
1487 661 1541 700 ad
1546 656 1924 713 fiaperna‘tendentem
1938 685 1948 704 ‚
1974 675 2029 701 ce-

424 725 602 778 leremque
613 721 801 763 volatum,
821 728 931 772 atque
944 715 1163 769 captandum
1173 712 1397 771 neeffzrium
1408 718 1622 769 reparandis
1637 717 1781 756 viribus
1793 718 1907 757 cibum
1922 718 2026 768 agili-

426 791 533 821 tatem
545 790 657 834 atque
667 776 899 829 vigilantiam
911 797 921 816 ‚
937 773 1075 828 curfhm
1086 771 1553 827 &ficilitatemfiimmamz
1577 788 1620 813 ac
1623 784 1818 826 propterea
1832 777 1911 812 vim
1925 774 2026 813 illam

411 838 632 893 singularem
645 832 848 888 speculandi
856 840 968 885 atque
980 830 1147 870 intuendi
1158 828 1267 869 liber?
1277 852 1288 871 ›
1301 829 1455 876 direfflae
1470 834 1510 870 in
1522 831 1658 870 nullam
1662 841 1807 883 partem
1819 831 2027 870 inclinando

424 899 534 936 aciem
549 894 723 932 luminum
733 893 771 929 in
781 888 925 930 radium
938 887 1039 926 illum
1047 886 1275 925 vberrimum
1287 883 1533 942 lucidfflmum
1545 890 1724 931 Deitatis,
1735 901 1839 940 quem
1853 901 1901 925 ex
1909 889 1953 940 se
1971 890 2027 925 in-

409 950 493 1003 star
502 951 588 990 Solis
598 950 731 988 emittit
744 978 752 987 .
783 948 882 999 Qae
896 948 1020 984 omnia
1036 942 1084 982 de
1099 943 1255 996 Aquilae
1271 940 1394 983 forma
1412 942 1613 998 desumpta
1624 943 1790 998 symbola
1804 973 1812 986 ‚
1826 943 1935 983 facile
1950 941 2027 982 sua-

426 1010 519 1049 dent
535 1006 797 1046 coniec‘turam
811 1004 861 1043 de
876 1001 986 1042 illain
998 999 1168 1043 vexillis;
1189 1012 1302 1053 quam
1329 1000 1463 1053 postea
1480 1000 1662 1040 aemulatae
1687 999 1768 1040 sunt
1790 1002 1961 1043 Gentes,
1983 1001 2024 1040 <Sc
2053 975 2089 1023 Β

425 1062 720 1120 prisciRomani
735 1058 961 1114 praesertim,
990 1057 1038 1097 de
1059 1056 1197 1112 quibus
1214 1054 1954 1112 Iosephugq,Bellilud.cap.5.inquit:
1980 1060 2026 1095 Et

420 1120 496 1173 pest
508 1120 572 1159 hos
586 1121 716 1158 circum
728 1116 898 1170 Aquilam
907 1116 1014 1169 signa
1024 1115 1098 1153 alia
1112 1143 1121 1157 ‚
1133 1125 1210 1165 quae
1218 1112 1382 1152 omnibus
1390 1113 1492 1165 apud
1500 1115 1679 1153 Romanos
1687 1113 1887 1165 agminibus
1896 1110 2025 1164 praecst,

427 1176 528 1232 quod
543 1173 799 1229 vtsiuerfizrum
813 1175 936 1212 auium
956 1183 1100 1222 regnum
1122 1168 1281 1212 habeat,
1303 1169 1349 1212 ὠ·
1364 1170 1419 1223 sit
1437 1167 1677 1221 valzdzffimm
1709 1169 1958 1223 itaqaejllam
1978 1170 2025 1211 ὼ

421 1236 651 1287 principatus
662 1231 791 1287 infigne
804 1238 960 1282 putant,
982 1228 1029 1270 ὠ
1053 1240 1154 1266 omen
1177 1228 1342 1267 vic‘Joriae
1361 1257 1369 1267 .
1398 1227 1498 1266 Haec
1513 1226 1588 1265 ille.
1613 1229 1734 1267 Cuius
1748 1219 1924 1280 exempla
1939 1227 2023 1264 Ro-

427 1306 496 1333 mae
511 1290 620 1330 licuit
630 1290 761 1328 videre
777 1287 954 1339 plurima,
967 1288 1004 1324 in
1018 1296 1110 1323 arcu
1127 1283 1287 1323 maxime
1303 1282 1558 1327 Constantini,
1579 1284 1774 1324 Columna
1787 1283 1960 1325 Traiani,
1982 1283 2024 1321 ὃς

425 1352 463 1388 in
476 1348 643 1400 antiquis·
653 1341 936 1387 numismatibus
949 1355 960 1386 ;
971 1352 1012 1380 vt
1025 1343 1139 1381 etiam
1152 1339 1271 1380 refert
1285 1340 1578 1394 Vvillalpandus
1592 1342 1628 1380 in
1642 1339 1880 1381 Ezechielem
1894 1350 2026 1380 tom.2.

420 1408 610 1460 pag.468.
622 1402 741 1457 colei.
757 1403 812 1441 Ex
825 1396 1074 1454 quibushanc
1091 1397 1444 1452 Aquilamimperij
1463 1394 1676 1452 symbolum
1701 1411 1772 1452 per
1785 1399 1910 1436 omnia
1933 1407 2029 1435 tem-

422 1476 524 1520 pora
537 1459 637 1516 apud
651 1462 864 1501 Romanum
882 1456 1088 1509 Imperium
1108 1450 1390 1510 permansuram
1412 1452 1562 1509 scripsit
1576 1459 1690 1497 etiam
1715 1453 1942 1493 Plutarchus
1964 1452 2026 1491 his

423 1519 571 1560 verbis:
596 1522 685 1558 Cum
687 1514 848 1565 fortuna
860 1513 960 1554 alata
973 1511 1026 1566 stt
1037 1512 1083 1556 ὠν
1094 1523 1193 1565 vaga
1205 1540 1216 1556 ,
1228 1511 1387 1554 &modo
1397 1510 1557 1566 Astyrios
1568 1540 1577 1556 ,
1590 1511 1728 1553 Medos
1740 1533 1751 1554 ‚
1764 1509 1885 1565 Persas
1897 1533 1908 1553 ,
1929 1511 1986 1547 M
1988 1523 2031 1548 a·

421 1576 588 1618 cedones,
602 1569 899 1624 Carthaginenses
908 1567 1115 1616 lullrauerit
1127 1598 1136 1613 ,
1155 1567 1362 1623 eosdemque
1383 1569 1597 1623 nelt‘querit:
1618 1567 1770 1606 videtur
1793 1566 1848 1607 ad
1856 1565 2028 1619 Tyberim

424 1634 502 1674 alas
508 1629 656 1689 pofiuſj}
665 1660 674 1675 ‚
702 1629 900 1675 volubilem
906 1627 1051 1680 globum
1061 1627 1152 1680 reliq
1158 1622 1260 1681 uff'
1281 1625 1329 1670 (J
1343 1625 1468 1673 Vrbem
1479 1624 1586 1679 quast
1585 1627 1763 1677 perpetim
1773 1622 2029 1663 inhabitatum

428 1689 594 1744 intraſse.
617 1690 784 1738 Cuiusin
797 1686 875 1726 hoc
893 1684 1067 1726 mirabile
1082 1681 1151 1724 fuit
1163 1684 1321 1725 Homeri
1333 1685 1552 1724 vaticinium
1566 1686 1604 1722 in
1630 1681 1744 1722 lliacl.

651 1749 693 1786 N
697 1759 764 1786 unc
783 1752 904 1785 autem
928 1741 1095 1786 Troiana
1116 1746 1252 1780 Aeneas
1264 1739 1419 1794 sceptra,
1429 1738 1588 1785 tenebit,

656 1805 702 1842 Et
723 1804 802 1841 nari
821 1808 990 1839 natorum
1005 1830 1013 1842 ,
1035 1799 1082 1846 ὠ
1101 1800 1166 1852 qui
1181 1795 1373 1852 nafientur
1392 1794 1440 1837 ab
1457 1796 1547 1837 illis·
1628 1824 1630 1826 -
2086 1803 2130 1853 C

428 1860 495 1902 Ille
507 1873 600 1899 vero
618 1864 742 1900 tenuit
754 1860 794 1899 &
806 1860 886 1898 nati
897 1861 973 1896 eius
986 1879 995 1897 ι
1025 1857 1127 1895 inter
1139 1867 1237 1908 quos
1252 1852 1440 1898 Romulus
1456 1857 1601 1908 primu}
1614 1853 1765 1907 Regum
1776 1881 1786 1896 ‚
1813 1863 1862 1891 ex
1885 1864 1933 1890 eo
1946 1847 2024 1890 san-

423 1920 549 1973 guine;
566 1917 605 1955 ὃς
616 1915 644 1956 fi
657 1918 816 1954 mutatio
830 1914 954 1967 aliqua
970 1912 1083 1951 status
1098 1914 1359 1955 interuenerit‚
1371 1922 1496 1951 tamen
1508 1913 1715 1964 Imperium
1728 1906 1880 1951 mansit:
1896 1910 2026 1962 primo

426 1974 495 2014 iub
510 1973 706 2026 Regibus,
731 1970 798 2011 sub
823 1968 1076 2014 Consulibus,
1102 1969 1145 2007 ὅ(
1170 1967 1443 2022 Principibus:
1467 1967 1509 2008 ὅ(
1529 1965 1596 2006 sub
1617 1965 1694 2006 istis
1715 1964 1882 2008 sciffum,
1906 1963 2026 2004 diuul-

423 2029 579 2085 sumque
593 2052 603 2072 ‚
630 2030 671 2069 &
683 2039 805 2083 caput
822 2026 978 2069 alterum
991 2027 1028 2064 in
1045 2024 1259 2064 Thraciam
1274 2053 1284 2068 ,
1307 2036 1375 2067 aut
1394 2025 1599 2065 Graeciam
1629 2022 1854 2073 translatum
1877 2021 2029 2076 Magno

425 2086 686 2128 Constantino
700 2086 885 2139 imperate
898 2113 906 2127 ‚
919 2078 1146 2137 qui'causam
1159 2080 1300 2120 deinde
1315 2080 1425 2131 dedit
1437 2080 1677 2121 inclinationi
1694 2093 1837 2124 rerum3
1855 2081 2028 2133 quamuis

423 2144 524 2186 idem
537 2142 809 2184 Constantinus
822 2139 1062 2181 felicioribus
1077 2135 1277 2191 auspiciis,
1306 2148 1346 2177 vt
1370 2136 1481 2192 sydus
1497 2137 1739 2187 illustrauerit
1755 2136 1905 2177 Orbem
1919 2139 1958 2175 in
1969 2137 2030 2185 ijs.

429 2215 514 2256 quae
530 2199 633 2242 sacra
650 2201 692 2239 ἃ
711 2203 894 2253 pietatem
917 2205 1101 2250 tangunt:
1123 2195 1189 2234 ille
1209 2193 1396 2248 siquidem
1422 2196 1512 2233 Deo
1531 2195 1634 2234 duce
1654 2193 1804 2248 depulit
1823 2193 2003 2233 tenebras
2020 2220 2031 2235 ,

427 2273 512 2312 quae
531 2257 683 2297 Orbem
696 2267 806 2296 terrae
822 2251 937 2295 densa
947 2251 1254 2306 superstitionum
1267 2250 1368 2300 nube
1381 2249 1629 2299 obsidebant,
1645 2251 1769 2297 lucem
1785 2249 1924 2292 intulit,
1935 2259 2032 2287 tem-

427 2315 494 2370 pla
511 2314 625 2354 nobis
639 2316 681 2353 &
695 2312 849 2354 Christo
863 2311 1039 2365 aperuit,
1059 2312 1164 2350 vanis
1178 2307 1395 2348 cultoribus
1411 2309 1453 2348 &
1469 2309 1555 2359 Dijs
1569 2306 1724 2348 claufit:
1752 2304 1900 2357 summis
1913 2306 2028 2344 etiam

429 2373 615 2411 Romanis
631 2369 886 2410 Pontificibus
902 2369 1036 2414 Romae
1054 2369 1092 2408 in
1106 2365 1327 2422 *temporale
1338 2365 1546 2419 Imperium
1569 2362 1795 2404 substitutis.
1820 2363 2030 2414 Quorum..

428 2430 628 2468 Romanus
645 2430 737 2480 Imp.
753 2426 853 2466 filius
868 2420 1138 2477 nuncupatur,
1152 2434 1191 2462 vt
1201 2421 1288 2463 satis
1300 2421 1454 2461 constet
1468 2422 1605 2474 origini
1619 2421 1805 2459 Romanae
1819 2419 1860 2457 &
1876 2420 2028 2457 Deum„

429 2484 602 2528 adfuisse,
618 2485 659 2523 ὃς
671 2498 747 2523 non
765 2482 980 2523 defuturam
992 2484 1192 2522 virtutem:
1216 2480 1258 2518 &
1279 2481 1450 2532 quamuis
1463 2475 1650 2531 squallida
1665 2478 1703 2515 &
1718 2473 1974 2526 lacerahodie
1987 2477 2025 2514 in

428 2541 630 2584 Austriaca
643 2542 855 2580 Germaniae
868 2539 988 2578 domo
1000 2536 1141 2589 Aquila
1157 2537 1324 2575 Romani
1338 2535 1492 2590 Imperii
1509 2531 1718 2587 symbolum
1743 2532 1862 2573 modo
1874 2530 2026 2573 existam

402 2606 406 2614 ’
430 2603 486 2639 ita
499 2610 539 2638 vt
554 2599 769 2652 prouincijs
786 2598 825 2636 ὃ(
845 2598 974 2639 terris,
988 2607 1082 2648 quae
1105 2592 1196 2632 olim
1210 2593 1403 2632 'Romano
1422 2594 1593 2644 Imperio
1608 2589 1881 2637 obediebant,
1906 2588 2027 2627 modo

431 2654 656 2695 Austriacus
670 2655 765 2708 Imp.
778 2667 855 2692 non
873 2653 1120 2694 dominetur3
1147 2649 1359 2688 decoratur
1371 2659 1497 2689 tamen
1512 2646 1578 2687 ille
1589 2647 1668 2686 hoc
1685 2650 1839 2686 nomine
1856 2644 2028 2684 Romani
2056 2632 2105 2685 D

429 2714 682 2765 Imperatoris
699 2740 708 2754 ,
736 2713 824 2763 quia
836 2709 923 2748 vere
937 2711 1066 2751 iniura
1080 2707 1234 2760 Imperij
1252 2706 1422 2747 Romani
1434 2702 1630 2748 succeffit.
1660 2703 1705 2741 δε
1728 2718 1776 2747 eo
1791 2706 1872 2741 iure
1888 2702 2028 2741 multa..

426 2766 617 2823 poffidet.
650 2768 777 2821 Reges
789 2780 883 2820 ergo
898 2763 1091 2819 Hispaniae
1102 2792 1110 2808 ,
1140 2764 1183 2802 &
1197 2761 1332 2805 Galliae
1347 2775 1424 2806 non
1437 2761 1620 2800 dicuntur
1633 2760 1802 2800 Romani
1814 2762 1939 2812 Impp.
1952 2770 2027 2796 nec

429 2826 584 2878 Imperij
604 2825 767 2863 Romani
779 2824 947 2877 germina
959 2851 967 2865 ‚
985 2823 1084 2878 *qu-ia
1097 2816 1416 2871 licetpoffideant
1429 2832 1541 2871 regna
1557 2846 1566 2861 ,
1594 2829 1677 2870 quae
1704 2818 1889 2857 Romanis
1903 2816 2027 2854 olim)

426 2879 591 2923 subiee'ta
605 2880 709 2920 fuere
721 2903 731 2922 ,
759 2894 837 2920 non
849 2890 974 2920 tamen
989 2879 1254 2917 Romanorum
1269 2880 1350 2915 iure
1365 2905 1374 2919 ‚
1390 2873 1451 2914 sed
1464 2872 1722 2916 haereditatis,
1747 2885 1811 2913 aut
1828 2871 1941 2915 belli,
1962 2877 2028 2909 aut

429 2937 502 2979 alio
523 2937 634 2978 titulo
656 2951 668 2975 .·
691 2936 913 2977 Austriacus
934 2946 1060 2975 autem
1084 2933 1206 2974 multis
1234 2947 1312 2972 non
1337 2932 1412 2972 alio
1437 2933 1518 2971 iure
1540 2944 1653 2984 quam
1675 2930 1833 2985 imper-ij
1856 2927 2028 2966 Romani

429 2996 604 3048 potitum
637 2994 680 3034 &
703 2994 794 3033 ideo
820 2992 988 3033 surculus
1015 2991 1172 3044 Imperij
1191 2990 1356 3031 Romani
1373 2987 1501 3030 adhuc
1517 2989 1642 3031 audit,
1666 2986 1763 3027 ficut
1779 2987 1820 3025 &
1842 2984 2028 3023 Traianus

433 3055 604 3103 quamuis
618 3049 874 3104 Hispanus,&
890 3052 1050 3090 Seuerus
1062 3047 1130 3089 etsi
1141 3044 1237 3087 Afer
1251 3048 1330 3087 veri
1345 3046 1513 3086 Romani
1531 3049 1788 3099 imperatores
1802 3051 1922 3086 erant,
1938 3041 2029 3094 quia

440 3107 710 3148 Romanorum
734 3105 1092 3161 iureimperabant.

492 3165 736 3218 Qamquam
750 3163 889 3205 nullum
903 3175 1060 3218 regnum
1081 3171 1155 3202 tam
1180 3160 1342 3215 repente
1355 3159 1504 3203 austum
1519 3172 1630 3213 quam
1645 3153 1859 3199 Alexandri
1871 3153 2000 3207 Magni
2016 3175 2028 3195 ι

1907 3212 1975 3267 qui
