<?xml version="1.0" encoding="UTF-8"?>
<!DOCTYPE html PUBLIC "-//W3C//DTD XHTML 1.0 Transitional//EN"
    "http://www.w3.org/TR/xhtml1/DTD/xhtml1-transitional.dtd">
<html xmlns="http://www.w3.org/1999/xhtml" xml:lang="en" lang="en">
 <head>
  <title>
</title>
<meta http-equiv="Content-Type" content="text/html;charset=utf-8" />
  <meta name='ocr-system' content='tesseract 3.04.00' />
  <meta name='ocr-capabilities' content='ocr_page ocr_carea ocr_par ocr_line ocrx_word'/>
</head>
<body>
  <div class='ocr_page' id='page_1' title='image "./devrbisacromanio00casa_0382.png"; bbox 0 0 2206 3480; ppageno 0'>
   <div class='ocr_carea' id='block_1_1' title="bbox 338 83 1928 175">
    <p class='ocr_par' dir='ltr' id='par_1_1' title="bbox 338 83 1928 175">
     <span class='ocr_line' id='line_1_1' title="bbox 338 83 1928 175; baseline 0.011 -28"><span class='ocrx_word' id='word_1_1' title='bbox 338 123 432 170; x_wconf 44' lang='lat' dir='ltr'>aaz</span> <span class='ocrx_word' id='word_1_2' title='bbox 516 106 915 175; x_wconf 0' lang='lat' dir='ltr'>Damaso-MAN·</span> <span class='ocrx_word' id='word_1_3' title='bbox 939 100 1423 167; x_wconf 64' lang='lat' dir='ltr'>ETHmconM</span> <span class='ocrx_word' id='word_1_4' title='bbox 1449 100 1869 168; x_wconf 54' lang='lat' dir='ltr'>sacmttcn&amp;</span> <span class='ocrx_word' id='word_1_5' title='bbox 1926 83 1928 85; x_wconf 69' lang='grc'><em>’</em></span> 
     </span>
    </p>
   </div>
   <div class='ocr_carea' id='block_1_2' title="bbox 329 189 2040 2717">
    <p class='ocr_par' dir='ltr' id='par_1_2' title="bbox 342 189 2013 439">
     <span class='ocr_line' id='line_1_2' title="bbox 400 189 2013 266; baseline 0 -8"><span class='ocrx_word' id='word_1_6' title='bbox 400 221 543 261; x_wconf 83' lang='lat' dir='ltr'>Vinum</span> <span class='ocrx_word' id='word_1_7' title='bbox 560 216 670 256; x_wconf 82' lang='lat' dir='ltr'>etiam</span> <span class='ocrx_word' id='word_1_8' title='bbox 685 213 860 266; x_wconf 87' lang='lat' dir='ltr'>sanguine</span> <span class='ocrx_word' id='word_1_9' title='bbox 874 206 1178 253; x_wconf 79' lang='lat' dir='ltr'>commiscebant</span> <span class='ocrx_word' id='word_1_10' title='bbox 1201 230 1214 252; x_wconf 59' lang='lat'>³</span> <span class='ocrx_word' id='word_1_11' title='bbox 1234 220 1283 251; x_wconf 72' lang='lat' dir='ltr'>vac</span> <span class='ocrx_word' id='word_1_12' title='bbox 1301 207 1441 251; x_wconf 86' lang='lat' dir='ltr'>eisdem</span> <span class='ocrx_word' id='word_1_13' title='bbox 1454 223 1558 252; x_wconf 85' lang='lat' dir='ltr'>aram</span> <span class='ocrx_word' id='word_1_14' title='bbox 1571 210 1838 266; x_wconf 74' lang='lat' dir='ltr'>deturpabant</span> <span class='ocrx_word' id='word_1_15' title='bbox 1859 240 1872 261; x_wconf 78' lang='lat'>‚</span> <span class='ocrx_word' id='word_1_16' title='bbox 1886 217 1947 260; x_wconf 78' lang='lat' dir='ltr'>ait</span> <span class='ocrx_word' id='word_1_17' title='bbox 1970 189 2013 245; x_wconf 73' lang='lat' dir='ltr'>A</span> 
     </span>
     <span class='ocr_line' id='line_1_3' title="bbox 344 265 1945 324; baseline -0.004 -8"><span class='ocrx_word' id='word_1_18' title='bbox 344 273 600 315; x_wconf 72' lang='lat' dir='ltr'>Herodianus</span> <span class='ocrx_word' id='word_1_19' title='bbox 612 271 678 311; x_wconf 84' lang='lat' dir='ltr'>lib.</span> <span class='ocrx_word' id='word_1_20' title='bbox 695 281 728 320; x_wconf 81' lang='grc' dir='ltr'>ς.</span> <span class='ocrx_word' id='word_1_21' title='bbox 745 267 909 309; x_wconf 80' lang='lat' dir='ltr'>reserens</span> <span class='ocrx_word' id='word_1_22' title='bbox 926 267 974 308; x_wconf 91' lang='lat' dir='ltr'>de</span> <span class='ocrx_word' id='word_1_23' title='bbox 987 265 1270 322; x_wconf 74' lang='lat' dir='ltr'>Heliogabalo,</span> <span class='ocrx_word' id='word_1_24' title='bbox 1284 267 1536 324; x_wconf 85' lang='lat' dir='ltr'>quamobrem</span> <span class='ocrx_word' id='word_1_25' title='bbox 1549 269 1694 311; x_wconf 84' lang='lat' dir='ltr'><strong>Statius</strong></span> <span class='ocrx_word' id='word_1_26' title='bbox 1705 269 1774 315; x_wconf 90' lang='lat' dir='ltr'>lib.</span> <span class='ocrx_word' id='word_1_27' title='bbox 1786 272 1945 318; x_wconf 60' lang='lat' dir='ltr'>aue..</span> 
     </span>
     <span class='ocr_line' id='line_1_4' title="bbox 342 327 1946 374; baseline 0.001 -3"><span class='ocrx_word' id='word_1_28' title='bbox 342 330 447 374; x_wconf 86' lang='lat' dir='ltr'>baid.</span> <span class='ocrx_word' id='word_1_29' title='bbox 462 334 516 372; x_wconf 89' lang='lat' dir='ltr'>ait</span> <span class='ocrx_word' id='word_1_30' title='bbox 531 356 539 365; x_wconf 90' lang='lat'><strong>·</strong></span> <span class='ocrx_word' id='word_1_31' title='bbox 1013 358 1016 362; x_wconf 90' lang='lat'><em>-</em></span> <span class='ocrx_word' id='word_1_32' title='bbox 1256 353 1264 366; x_wconf 58' lang='grc' dir='ltr'>ι.</span> <span class='ocrx_word' id='word_1_33' title='bbox 1312 353 1326 359; x_wconf 51' lang='grc'>-&lt;</span> <span class='ocrx_word' id='word_1_34' title='bbox 1371 340 1377 358; x_wconf 77' lang='grc'>’-</span> <span class='ocrx_word' id='word_1_35' title='bbox 1649 338 1656 358; x_wconf 84' lang='grc'>’-</span> <span class='ocrx_word' id='word_1_36' title='bbox 1937 327 1946 331; x_wconf 53' lang='grc'><em>’</em></span> 
     </span>
     <span class='ocr_line' id='line_1_5' title="bbox 524 382 1489 439; baseline 0 -15"><span class='ocrx_word' id='word_1_37' title='bbox 524 422 526 424; x_wconf 88' lang='grc'>.</span> <span class='ocrx_word' id='word_1_38' title='bbox 570 382 853 439; x_wconf 59' lang='lat' dir='ltr'>Spumattteffiue</span> <span class='ocrx_word' id='word_1_39' title='bbox 864 395 963 423; x_wconf 80' lang='lat' dir='ltr'>mero</span> <span class='ocrx_word' id='word_1_40' title='bbox 971 390 1109 436; x_wconf 81' lang='lat' dir='ltr'>paterae</span> <span class='ocrx_word' id='word_1_41' title='bbox 1118 391 1323 436; x_wconf 79' lang='lat' dir='ltr'>verguntur</span> <span class='ocrx_word' id='word_1_42' title='bbox 1332 408 1344 428; x_wconf 85' lang='lat'>‚</span> <span class='ocrx_word' id='word_1_43' title='bbox 1355 382 1402 428; x_wconf 61' lang='grc' dir='ltr'>(φ</span> <span class='ocrx_word' id='word_1_44' title='bbox 1411 387 1489 427; x_wconf 83' lang='lat' dir='ltr'>atri</span> 
     </span>
    </p>

    <p class='ocr_par' dir='ltr' id='par_1_3' title="bbox 568 438 1777 496">
     <span class='ocr_line' id='line_1_6' title="bbox 568 438 1777 496; baseline 0 -15"><span class='ocrx_word' id='word_1_45' title='bbox 568 444 758 494; x_wconf 80' lang='lat' dir='ltr'><em>Sanguinis</em></span> <span class='ocrx_word' id='word_1_46' title='bbox 770 465 781 485; x_wconf 92' lang='lat'><em>,</em></span> <span class='ocrx_word' id='word_1_47' title='bbox 799 441 846 485; x_wconf 61' lang='grc' dir='ltr'>ὠ</span> <span class='ocrx_word' id='word_1_48' title='bbox 858 442 961 493; x_wconf 81' lang='lat' dir='ltr'>rapti</span> <span class='ocrx_word' id='word_1_49' title='bbox 964 438 1163 496; x_wconf 74' lang='lat' dir='ltr'>gratffma</span> <span class='ocrx_word' id='word_1_50' title='bbox 1176 441 1323 496; x_wconf 84' lang='lat' dir='ltr'>Cymbia</span> <span class='ocrx_word' id='word_1_51' title='bbox 1337 444 1441 485; x_wconf 64' lang='lat' dir='ltr'>labiis</span> <span class='ocrx_word' id='word_1_52' title='bbox 1454 476 1463 485; x_wconf 92' lang='lat'>.</span> <span class='ocrx_word' id='word_1_53' title='bbox 1609 479 1611 481; x_wconf 83' lang='grc'><em>,</em></span> <span class='ocrx_word' id='word_1_54' title='bbox 1774 468 1777 471; x_wconf 93' lang='grc'>-</span> 
     </span>
    </p>

    <p class='ocr_par' dir='ltr' id='par_1_4' title="bbox 343 497 1958 610">
     <span class='ocr_line' id='line_1_7' title="bbox 406 497 1958 552; baseline 0.004 -11"><span class='ocrx_word' id='word_1_55' title='bbox 406 503 454 542; x_wconf 85' lang='lat' dir='ltr'>Et</span> <span class='ocrx_word' id='word_1_56' title='bbox 482 512 676 552; x_wconf 80' lang='lat' dir='ltr'>nunquam</span> <span class='ocrx_word' id='word_1_57' title='bbox 700 498 980 539; x_wconf 81' lang='lat' dir='ltr'>Libationibus</span> <span class='ocrx_word' id='word_1_58' title='bbox 993 500 1031 537; x_wconf 88' lang='lat' dir='ltr'>in</span> <span class='ocrx_word' id='word_1_59' title='bbox 1045 497 1427 540; x_wconf 84' lang='lat' dir='ltr'>Ethnicorumsacris</span> <span class='ocrx_word' id='word_1_60' title='bbox 1438 500 1553 544; x_wconf 87' lang='lat' dir='ltr'>finem</span> <span class='ocrx_word' id='word_1_61' title='bbox 1569 500 1676 545; x_wconf 75' lang='lat' dir='ltr'>fuisse</span> <span class='ocrx_word' id='word_1_62' title='bbox 1690 503 1856 546; x_wconf 81' lang='lat' dir='ltr'>irridens</span> <span class='ocrx_word' id='word_1_63' title='bbox 1865 504 1958 547; x_wconf 68' lang='lat' dir='ltr'>Ar·,</span> 
     </span>
     <span class='ocr_line' id='line_1_8' title="bbox 343 553 1947 610; baseline 0.001 -11"><span class='ocrx_word' id='word_1_64' title='bbox 343 559 486 599; x_wconf 80' lang='lat' dir='ltr'>nobius</span> <span class='ocrx_word' id='word_1_65' title='bbox 503 556 567 595; x_wconf 81' lang='lat' dir='ltr'>lib.</span> <span class='ocrx_word' id='word_1_66' title='bbox 581 560 618 596; x_wconf 91' lang='lat'>6.</span> <span class='ocrx_word' id='word_1_67' title='bbox 633 559 706 595; x_wconf 87' lang='lat' dir='ltr'>ait.</span> <span class='ocrx_word' id='word_1_68' title='bbox 736 558 828 595; x_wconf 86' lang='lat' dir='ltr'>Non</span> <span class='ocrx_word' id='word_1_69' title='bbox 841 553 1224 610; x_wconf 71' lang='lat' dir='ltr'>caeffirumfimguinem</span> <span class='ocrx_word' id='word_1_70' title='bbox 1233 557 1448 597; x_wconf 75' lang='lat' dir='ltr'>animalium</span> <span class='ocrx_word' id='word_1_71' title='bbox 1458 558 1582 600; x_wconf 84' lang='lat' dir='ltr'>domus</span> <span class='ocrx_word' id='word_1_72' title='bbox 1594 576 1693 604; x_wconf 84' lang='lat' dir='ltr'>‚non</span> <span class='ocrx_word' id='word_1_73' title='bbox 1703 560 1826 602; x_wconf 77' lang='lat' dir='ltr'>thura·</span> <span class='ocrx_word' id='word_1_74' title='bbox 1840 585 1855 606; x_wconf 84' lang='lat'>‚</span> <span class='ocrx_word' id='word_1_75' title='bbox 1871 573 1947 602; x_wconf 81' lang='lat' dir='ltr'>non</span> 
     </span>
    </p>

    <p class='ocr_par' dir='ltr' id='par_1_5' title="bbox 329 610 1961 782">
     <span class='ocr_line' id='line_1_9' title="bbox 329 610 1961 672; baseline 0.004 -20"><span class='ocrx_word' id='word_1_76' title='bbox 329 614 459 667; x_wconf 72' lang='lat' dir='ltr'>fruges</span> <span class='ocrx_word' id='word_1_77' title='bbox 482 610 620 672; x_wconf 60' lang='lat' dir='ltr'>sbffizs,</span> <span class='ocrx_word' id='word_1_78' title='bbox 647 625 719 652; x_wconf 87' lang='lat' dir='ltr'>non</span> <span class='ocrx_word' id='word_1_79' title='bbox 742 612 899 667; x_wconf 84' lang='lat' dir='ltr'>denique</span> <span class='ocrx_word' id='word_1_80' title='bbox 909 616 1040 653; x_wconf 87' lang='lat' dir='ltr'>vinum</span> <span class='ocrx_word' id='word_1_81' title='bbox 1054 612 1193 665; x_wconf 81' lang='lat' dir='ltr'>liquens</span> <span class='ocrx_word' id='word_1_82' title='bbox 1212 642 1223 658; x_wconf 90' lang='lat'><strong>,</strong></span> <span class='ocrx_word' id='word_1_83' title='bbox 1239 623 1456 667; x_wconf 82' lang='lat' dir='ltr'><em>paterarum</em></span> <span class='ocrx_word' id='word_1_84' title='bbox 1480 615 1715 668; x_wconf 75' lang='lat' dir='ltr'>itfifionibus</span> <span class='ocrx_word' id='word_1_85' title='bbox 1735 618 1961 671; x_wconf 47' lang='lat' dir='ltr'>inferimus„</span> 
     </span>
     <span class='ocr_line' id='line_1_10' title="bbox 346 668 1945 727; baseline 0.003 -16"><span class='ocrx_word' id='word_1_86' title='bbox 346 675 442 711; x_wconf 83' lang='lat' dir='ltr'>Nam</span> <span class='ocrx_word' id='word_1_87' title='bbox 459 669 602 725; x_wconf 87' lang='lat' dir='ltr'>sanguis</span> <span class='ocrx_word' id='word_1_88' title='bbox 625 673 716 710; x_wconf 88' lang='lat' dir='ltr'>vino</span> <span class='ocrx_word' id='word_1_89' title='bbox 732 669 933 710; x_wconf 83' lang='lat' dir='ltr'>admixuus</span> <span class='ocrx_word' id='word_1_90' title='bbox 947 668 1096 712; x_wconf 82' lang='lat' dir='ltr'>facilius</span> <span class='ocrx_word' id='word_1_91' title='bbox 1109 669 1287 714; x_wconf 80' lang='lat' dir='ltr'>diluitur,</span> <span class='ocrx_word' id='word_1_92' title='bbox 1301 670 1491 727; x_wconf 83' lang='lat' dir='ltr'>magisque</span> <span class='ocrx_word' id='word_1_93' title='bbox 1508 683 1620 727; x_wconf 87' lang='lat' dir='ltr'>aptus</span> <span class='ocrx_word' id='word_1_94' title='bbox 1644 677 1696 715; x_wconf 84' lang='lat' dir='ltr'>ad</span> <span class='ocrx_word' id='word_1_95' title='bbox 1715 674 1919 717; x_wconf 83' lang='lat' dir='ltr'>effusiones</span> <span class='ocrx_word' id='word_1_96' title='bbox 1930 702 1945 720; x_wconf 86' lang='lat'><em>,</em></span> 
     </span>
     <span class='ocr_line' id='line_1_11' title="bbox 345 726 926 782; baseline -0.005 -12"><span class='ocrx_word' id='word_1_97' title='bbox 345 730 387 770; x_wconf 72' lang='grc' dir='ltr'>ὃ(</span> <span class='ocrx_word' id='word_1_98' title='bbox 400 726 635 782; x_wconf 77' lang='lat' dir='ltr'>aspersiones</span> <span class='ocrx_word' id='word_1_99' title='bbox 649 728 834 767; x_wconf 81' lang='lat' dir='ltr'>redditur</span> <span class='ocrx_word' id='word_1_100' title='bbox 845 758 853 767; x_wconf 95' lang='lat'><strong>.</strong></span> <span class='ocrx_word' id='word_1_101' title='bbox 923 765 926 771; x_wconf 82' lang='lat'><em>,</em></span> 
     </span>
    </p>

    <p class='ocr_par' dir='ltr' id='par_1_6' title="bbox 332 781 2016 1396">
     <span class='ocr_line' id='line_1_12' title="bbox 362 781 1948 841; baseline 0.001 -16"><span class='ocrx_word' id='word_1_102' title='bbox 362 817 364 819; x_wconf 20' lang='lat' dir='ltr'>r</span> <span class='ocrx_word' id='word_1_103' title='bbox 397 784 555 828; x_wconf 85' lang='lat' dir='ltr'>Ethnici</span> <span class='ocrx_word' id='word_1_104' title='bbox 567 810 579 830; x_wconf 86' lang='lat'>‚</span> <span class='ocrx_word' id='word_1_105' title='bbox 597 787 663 840; x_wconf 80' lang='lat' dir='ltr'>qui</span> <span class='ocrx_word' id='word_1_106' title='bbox 676 781 804 826; x_wconf 84' lang='lat' dir='ltr'>sacros</span> <span class='ocrx_word' id='word_1_107' title='bbox 820 787 913 825; x_wconf 83' lang='lat' dir='ltr'>ritus</span> <span class='ocrx_word' id='word_1_108' title='bbox 924 784 974 830; x_wconf 88' lang='lat' dir='ltr'>ab</span> <span class='ocrx_word' id='word_1_109' title='bbox 987 784 1168 831; x_wconf 78' lang='lat' dir='ltr'>institutis</span> <span class='ocrx_word' id='word_1_110' title='bbox 1181 783 1374 841; x_wconf 84' lang='lat' dir='ltr'>Mosaycis</span> <span class='ocrx_word' id='word_1_111' title='bbox 1385 784 1554 828; x_wconf 82' lang='lat' dir='ltr'>suffurari</span> <span class='ocrx_word' id='word_1_112' title='bbox 1570 801 1649 829; x_wconf 89' lang='lat' dir='ltr'>non</span> <span class='ocrx_word' id='word_1_113' title='bbox 1659 786 1744 829; x_wconf 88' lang='lat' dir='ltr'>sunt</span> <span class='ocrx_word' id='word_1_114' title='bbox 1752 793 1861 830; x_wconf 84' lang='lat' dir='ltr'>veriti</span> <span class='ocrx_word' id='word_1_115' title='bbox 1871 802 1886 829; x_wconf 25' lang='lat'>1:</span> <span class='ocrx_word' id='word_1_116' title='bbox 1900 787 1948 827; x_wconf 73' lang='lat' dir='ltr'>fi·</span> 
     </span>
     <span class='ocr_line' id='line_1_13' title="bbox 345 840 1952 899; baseline -0.001 -16"><span class='ocrx_word' id='word_1_117' title='bbox 345 840 505 897; x_wconf 87' lang='lat' dir='ltr'>quidem</span> <span class='ocrx_word' id='word_1_118' title='bbox 525 841 611 882; x_wconf 81' lang='lat' dir='ltr'>haec</span> <span class='ocrx_word' id='word_1_119' title='bbox 625 840 953 883; x_wconf 74' lang='lat' dir='ltr'>eademlibamina</span> <span class='ocrx_word' id='word_1_120' title='bbox 963 841 1137 885; x_wconf 78' lang='lat' dir='ltr'>habuisse</span> <span class='ocrx_word' id='word_1_121' title='bbox 1153 842 1348 884; x_wconf 82' lang='lat' dir='ltr'>Hebraeos</span> <span class='ocrx_word' id='word_1_122' title='bbox 1367 873 1378 889; x_wconf 87' lang='lat'><strong>,</strong></span> <span class='ocrx_word' id='word_1_123' title='bbox 1403 844 1578 899; x_wconf 85' lang='lat' dir='ltr'>pluribus</span> <span class='ocrx_word' id='word_1_124' title='bbox 1604 848 1640 890; x_wconf 82' lang='lat' dir='ltr'>in</span> <span class='ocrx_word' id='word_1_125' title='bbox 1663 844 1762 886; x_wconf 89' lang='lat' dir='ltr'>locis</span> <span class='ocrx_word' id='word_1_126' title='bbox 1773 846 1952 899; x_wconf 85' lang='lat' dir='ltr'>aperiunt</span> 
     </span>
     <span class='ocr_line' id='line_1_14' title="bbox 344 897 1951 957; baseline -0.001 -16"><span class='ocrx_word' id='word_1_127' title='bbox 344 899 460 941; x_wconf 82' lang='lat' dir='ltr'>nobis</span> <span class='ocrx_word' id='word_1_128' title='bbox 473 898 591 943; x_wconf 72' lang='lat' dir='ltr'>sacrae</span> <span class='ocrx_word' id='word_1_129' title='bbox 607 900 778 954; x_wconf 81' lang='lat' dir='ltr'>paginae:</span> <span class='ocrx_word' id='word_1_130' title='bbox 797 897 838 938; x_wconf 75' lang='grc' dir='ltr'>ὃ(</span> <span class='ocrx_word' id='word_1_131' title='bbox 853 909 999 953; x_wconf 83' lang='lat' dir='ltr'>praeter</span> <span class='ocrx_word' id='word_1_132' title='bbox 1011 899 1259 944; x_wconf 79' lang='lat' dir='ltr'>libationem,</span> <span class='ocrx_word' id='word_1_133' title='bbox 1275 898 1336 942; x_wconf 89' lang='lat' dir='ltr'>seu</span> <span class='ocrx_word' id='word_1_134' title='bbox 1350 901 1690 956; x_wconf 67' lang='lat' dir='ltr'>praegustationem</span> <span class='ocrx_word' id='word_1_135' title='bbox 1714 923 1726 945; x_wconf 72' lang='lat'><em>2</em></span> <span class='ocrx_word' id='word_1_136' title='bbox 1753 914 1839 957; x_wconf 88' lang='lat' dir='ltr'>quae</span> <span class='ocrx_word' id='word_1_137' title='bbox 1852 912 1951 954; x_wconf 79' lang='lat' dir='ltr'>prae-</span> 
     </span>
     <span class='ocr_line' id='line_1_15' title="bbox 343 953 1952 1012; baseline 0 -15"><span class='ocrx_word' id='word_1_138' title='bbox 343 955 517 998; x_wconf 83' lang='lat' dir='ltr'>cedebat</span> <span class='ocrx_word' id='word_1_139' title='bbox 533 953 828 1000; x_wconf 58' lang='lat' dir='ltr'>sacrificiumssle</span> <span class='ocrx_word' id='word_1_140' title='bbox 844 969 920 1010; x_wconf 88' lang='lat' dir='ltr'>qua</span> <span class='ocrx_word' id='word_1_141' title='bbox 933 956 1096 1002; x_wconf 83' lang='lat' dir='ltr'>diximus</span> <span class='ocrx_word' id='word_1_142' title='bbox 1108 955 1220 1012; x_wconf 88' lang='lat' dir='ltr'>supra</span> <span class='ocrx_word' id='word_1_143' title='bbox 1237 970 1330 998; x_wconf 85' lang='lat' dir='ltr'>exc.</span> <span class='ocrx_word' id='word_1_144' title='bbox 1338 958 1618 1010; x_wconf 84' lang='lat' dir='ltr'>32.Deuter.Et</span> <span class='ocrx_word' id='word_1_145' title='bbox 1629 957 1804 999; x_wconf 85' lang='lat' dir='ltr'>bibebant</span> <span class='ocrx_word' id='word_1_146' title='bbox 1817 960 1952 998; x_wconf 83' lang='lat' dir='ltr'>vinum</span> 
     </span>
     <span class='ocr_line' id='line_1_16' title="bbox 339 1011 2016 1081; baseline 0.002 -28"><span class='ocrx_word' id='word_1_147' title='bbox 339 1014 697 1057; x_wconf 69' lang='lat' dir='ltr'>libaminum‚.erat</span> <span class='ocrx_word' id='word_1_148' title='bbox 708 1025 870 1066; x_wconf 90' lang='lat' dir='ltr'>quoque</span> <span class='ocrx_word' id='word_1_149' title='bbox 885 1012 1008 1054; x_wconf 85' lang='lat' dir='ltr'>altera</span> <span class='ocrx_word' id='word_1_150' title='bbox 1023 1011 1165 1054; x_wconf 88' lang='lat' dir='ltr'>libatio</span> <span class='ocrx_word' id='word_1_151' title='bbox 1179 1027 1254 1069; x_wconf 86' lang='lat' dir='ltr'>per</span> <span class='ocrx_word' id='word_1_152' title='bbox 1268 1013 1492 1055; x_wconf 81' lang='lat' dir='ltr'>effusionem</span> <span class='ocrx_word' id='word_1_153' title='bbox 1504 1013 1616 1070; x_wconf 86' lang='lat' dir='ltr'>super</span> <span class='ocrx_word' id='word_1_154' title='bbox 1636 1017 1826 1059; x_wconf 62' lang='lat' dir='ltr'>victimas</span> <span class='ocrx_word' id='word_1_155' title='bbox 1844 1044 1855 1060; x_wconf 93' lang='lat'>‚</span> <span class='ocrx_word' id='word_1_156' title='bbox 1875 1015 1949 1057; x_wconf 63' lang='lat' dir='ltr'>dea</span> <span class='ocrx_word' id='word_1_157' title='bbox 1971 1029 2016 1081; x_wconf 74' lang='lat' dir='ltr'><strong>B</strong></span> 
     </span>
     <span class='ocr_line' id='line_1_17' title="bbox 346 1069 1955 1127; baseline -0.001 -17"><span class='ocrx_word' id='word_1_158' title='bbox 346 1085 425 1127; x_wconf 87' lang='lat' dir='ltr'>qua</span> <span class='ocrx_word' id='word_1_159' title='bbox 440 1069 609 1110; x_wconf 84' lang='lat' dir='ltr'>habetur</span> <span class='ocrx_word' id='word_1_160' title='bbox 630 1071 668 1109; x_wconf 92' lang='lat' dir='ltr'>in</span> <span class='ocrx_word' id='word_1_161' title='bbox 682 1070 861 1110; x_wconf 83' lang='lat' dir='ltr'>Numeris</span> <span class='ocrx_word' id='word_1_162' title='bbox 874 1074 992 1124; x_wconf 80' lang='lat' dir='ltr'>capit.</span> <span class='ocrx_word' id='word_1_163' title='bbox 1012 1083 1028 1110; x_wconf 92' lang='lat'>1</span> <span class='ocrx_word' id='word_1_164' title='bbox 1041 1082 1073 1120; x_wconf 84' lang='grc' dir='ltr'>ς.</span> <span class='ocrx_word' id='word_1_165' title='bbox 1100 1084 1189 1112; x_wconf 87' lang='lat' dir='ltr'>cum</span> <span class='ocrx_word' id='word_1_166' title='bbox 1200 1069 1244 1111; x_wconf 86' lang='lat' dir='ltr'>fit</span> <span class='ocrx_word' id='word_1_167' title='bbox 1258 1069 1313 1110; x_wconf 91' lang='lat' dir='ltr'>ibi</span> <span class='ocrx_word' id='word_1_168' title='bbox 1327 1071 1389 1112; x_wconf 81' lang='lat' dir='ltr'>lex</span> <span class='ocrx_word' id='word_1_169' title='bbox 1402 1072 1589 1125; x_wconf 86' lang='lat' dir='ltr'>generalis</span> <span class='ocrx_word' id='word_1_170' title='bbox 1604 1085 1681 1126; x_wconf 89' lang='lat' dir='ltr'>pro</span> <span class='ocrx_word' id='word_1_171' title='bbox 1695 1077 1801 1114; x_wconf 89' lang='lat' dir='ltr'>omni</span> <span class='ocrx_word' id='word_1_172' title='bbox 1813 1070 1955 1112; x_wconf 67' lang='lat' dir='ltr'>sacrifi-2</span> 
     </span>
     <span class='ocr_line' id='line_1_18' title="bbox 345 1125 1958 1183; baseline -0.001 -14"><span class='ocrx_word' id='word_1_173' title='bbox 345 1132 413 1169; x_wconf 90' lang='lat' dir='ltr'>cio</span> <span class='ocrx_word' id='word_1_174' title='bbox 425 1125 483 1166; x_wconf 85' lang='lat' dir='ltr'>his</span> <span class='ocrx_word' id='word_1_175' title='bbox 499 1125 628 1166; x_wconf 86' lang='lat' dir='ltr'>verbis</span> <span class='ocrx_word' id='word_1_176' title='bbox 641 1138 651 1166; x_wconf 89' lang='lat'><strong>:</strong></span> <span class='ocrx_word' id='word_1_177' title='bbox 666 1127 714 1168; x_wconf 85' lang='lat' dir='ltr'>Et</span> <span class='ocrx_word' id='word_1_178' title='bbox 723 1128 856 1167; x_wconf 86' lang='lat' dir='ltr'>vinum</span> <span class='ocrx_word' id='word_1_179' title='bbox 869 1125 921 1166; x_wconf 84' lang='lat' dir='ltr'>ad</span> <span class='ocrx_word' id='word_1_180' title='bbox 931 1126 1005 1168; x_wconf 74' lang='lat' dir='ltr'>liba</span> <span class='ocrx_word' id='word_1_181' title='bbox 1005 1125 1204 1179; x_wconf 85' lang='lat' dir='ltr'>fundenda</span> <span class='ocrx_word' id='word_1_182' title='bbox 1216 1127 1368 1183; x_wconf 83' lang='lat' dir='ltr'>eiusdem</span> <span class='ocrx_word' id='word_1_183' title='bbox 1381 1127 1553 1182; x_wconf 72' lang='lat' dir='ltr'>menfhrae</span> <span class='ocrx_word' id='word_1_184' title='bbox 1563 1128 1669 1169; x_wconf 82' lang='lat' dir='ltr'>dabit</span> <span class='ocrx_word' id='word_1_185' title='bbox 1676 1133 1716 1170; x_wconf 89' lang='lat' dir='ltr'>in</span> <span class='ocrx_word' id='word_1_186' title='bbox 1729 1127 1958 1172; x_wconf 57' lang='lat' dir='ltr'>holocausta,</span> 
     </span>
     <span class='ocr_line' id='line_1_19' title="bbox 332 1181 1959 1240; baseline -0.002 -12"><span class='ocrx_word' id='word_1_187' title='bbox 332 1183 416 1234; x_wconf 82' lang='lat' dir='ltr'>stue</span> <span class='ocrx_word' id='word_1_188' title='bbox 427 1186 466 1223; x_wconf 75' lang='lat' dir='ltr'>in</span> <span class='ocrx_word' id='word_1_189' title='bbox 482 1183 698 1228; x_wconf 65' lang='lat' dir='ltr'>vfflimam3</span> <span class='ocrx_word' id='word_1_190' title='bbox 715 1181 825 1237; x_wconf 87' lang='lat' dir='ltr'>quod</span> <span class='ocrx_word' id='word_1_191' title='bbox 843 1185 956 1223; x_wconf 84' lang='lat' dir='ltr'>etiam</span> <span class='ocrx_word' id='word_1_192' title='bbox 969 1190 1133 1239; x_wconf 74' lang='lat' dir='ltr'>cap.28‚</span> <span class='ocrx_word' id='word_1_193' title='bbox 1148 1189 1343 1240; x_wconf 84' lang='lat' dir='ltr'>repetitur</span> <span class='ocrx_word' id='word_1_194' title='bbox 1360 1184 1595 1228; x_wconf 84' lang='lat' dir='ltr'>:Libamenta</span> <span class='ocrx_word' id='word_1_195' title='bbox 1606 1195 1726 1228; x_wconf 83' lang='lat' dir='ltr'>autem</span> <span class='ocrx_word' id='word_1_196' title='bbox 1740 1188 1826 1226; x_wconf 84' lang='lat' dir='ltr'>vini</span> <span class='ocrx_word' id='word_1_197' title='bbox 1847 1207 1859 1228; x_wconf 76' lang='lat'><em>2</em></span> <span class='ocrx_word' id='word_1_198' title='bbox 1878 1194 1959 1239; x_wconf 69' lang='lat' dir='ltr'>qua</span> 
     </span>
     <span class='ocr_line' id='line_1_20' title="bbox 342 1237 1957 1294; baseline 0 -13"><span class='ocrx_word' id='word_1_199' title='bbox 342 1253 413 1294; x_wconf 83' lang='lat' dir='ltr'>per</span> <span class='ocrx_word' id='word_1_200' title='bbox 412 1240 577 1294; x_wconf 78' lang='lat' dir='ltr'>fingulas</span> <span class='ocrx_word' id='word_1_201' title='bbox 573 1237 774 1290; x_wconf 82' lang='lat' dir='ltr'>fundenda</span> <span class='ocrx_word' id='word_1_202' title='bbox 779 1238 871 1294; x_wconf 81' lang='lat' dir='ltr'>fimt</span> <span class='ocrx_word' id='word_1_203' title='bbox 883 1241 1057 1281; x_wconf 64' lang='lat' dir='ltr'>vifiimas</span> <span class='ocrx_word' id='word_1_204' title='bbox 1067 1271 1078 1286; x_wconf 89' lang='lat'>‚</span> <span class='ocrx_word' id='word_1_205' title='bbox 1093 1241 1165 1284; x_wconf 69' lang='lat' dir='ltr'>issa</span> <span class='ocrx_word' id='word_1_206' title='bbox 1172 1252 1280 1283; x_wconf 82' lang='lat' dir='ltr'>erunt</span> <span class='ocrx_word' id='word_1_207' title='bbox 1304 1273 1312 1284; x_wconf 85' lang='lat'><strong><em>.</em></strong></span> <span class='ocrx_word' id='word_1_208' title='bbox 1341 1241 1594 1284; x_wconf 88' lang='lat' dir='ltr'>Dicebantur</span> <span class='ocrx_word' id='word_1_209' title='bbox 1605 1254 1730 1284; x_wconf 83' lang='lat' dir='ltr'>autem</span> <span class='ocrx_word' id='word_1_210' title='bbox 1742 1242 1957 1283; x_wconf 81' lang='lat' dir='ltr'>libamenta</span> 
     </span>
     <span class='ocr_line' id='line_1_21' title="bbox 346 1296 1958 1355; baseline 0.001 -17"><span class='ocrx_word' id='word_1_211' title='bbox 346 1308 423 1339; x_wconf 85' lang='lat' dir='ltr'>tam</span> <span class='ocrx_word' id='word_1_212' title='bbox 438 1296 757 1352; x_wconf 82' lang='lat' dir='ltr'>praegustationes</span> <span class='ocrx_word' id='word_1_213' title='bbox 771 1325 781 1342; x_wconf 90' lang='lat'>‚</span> <span class='ocrx_word' id='word_1_214' title='bbox 796 1297 907 1354; x_wconf 75' lang='lat' dir='ltr'>quam</span> <span class='ocrx_word' id='word_1_215' title='bbox 919 1296 1145 1345; x_wconf 79' lang='lat' dir='ltr'>effusiones,</span> <span class='ocrx_word' id='word_1_216' title='bbox 1159 1303 1341 1355; x_wconf 88' lang='lat' dir='ltr'>quoniam</span> <span class='ocrx_word' id='word_1_217' title='bbox 1354 1314 1432 1345; x_wconf 85' lang='lat' dir='ltr'>vno</span> <span class='ocrx_word' id='word_1_218' title='bbox 1445 1300 1669 1355; x_wconf 87' lang='lat' dir='ltr'>eodemque</span> <span class='ocrx_word' id='word_1_219' title='bbox 1682 1303 1774 1341; x_wconf 86' lang='lat' dir='ltr'>vino</span> <span class='ocrx_word' id='word_1_220' title='bbox 1792 1309 1958 1352; x_wconf 85' lang='lat' dir='ltr'>vtraque</span> 
     </span>
     <span class='ocr_line' id='line_1_22' title="bbox 343 1353 743 1396; baseline -0.003 -1"><span class='ocrx_word' id='word_1_221' title='bbox 343 1355 556 1396; x_wconf 86' lang='lat' dir='ltr'>libamenta</span> <span class='ocrx_word' id='word_1_222' title='bbox 569 1353 722 1396; x_wconf 88' lang='lat' dir='ltr'>fiebant</span> <span class='ocrx_word' id='word_1_223' title='bbox 733 1384 743 1394; x_wconf 91' lang='lat'><strong>.</strong></span> 
     </span>
    </p>

    <p class='ocr_par' dir='ltr' id='par_1_7' title="bbox 347 1408 1962 1583">
     <span class='ocr_line' id='line_1_23' title="bbox 407 1408 1961 1468; baseline 0 -16"><span class='ocrx_word' id='word_1_224' title='bbox 407 1412 534 1464; x_wconf 80' lang='lat' dir='ltr'>Quod</span> <span class='ocrx_word' id='word_1_225' title='bbox 546 1412 640 1450; x_wconf 83' lang='lat' dir='ltr'>vero</span> <span class='ocrx_word' id='word_1_226' title='bbox 659 1414 797 1452; x_wconf 85' lang='lat' dir='ltr'>attinet</span> <span class='ocrx_word' id='word_1_227' title='bbox 812 1410 951 1454; x_wconf 86' lang='lat' dir='ltr'>advasa</span> <span class='ocrx_word' id='word_1_228' title='bbox 964 1442 976 1460; x_wconf 93' lang='lat'>,</span> <span class='ocrx_word' id='word_1_229' title='bbox 989 1428 1076 1468; x_wconf 85' lang='lat' dir='ltr'>quae</span> <span class='ocrx_word' id='word_1_230' title='bbox 1091 1412 1295 1466; x_wconf 72' lang='lat' dir='ltr'>sacrificijs</span> <span class='ocrx_word' id='word_1_231' title='bbox 1310 1412 1588 1459; x_wconf 63' lang='lat' dir='ltr'>insaniebant,</span> <span class='ocrx_word' id='word_1_232' title='bbox 1601 1416 1713 1457; x_wconf 82' lang='lat' dir='ltr'>cuius</span> <span class='ocrx_word' id='word_1_233' title='bbox 1727 1412 1870 1455; x_wconf 84' lang='lat' dir='ltr'>fuerint</span> <span class='ocrx_word' id='word_1_234' title='bbox 1881 1408 1961 1453; x_wconf 49' lang='lat' dir='ltr'>forss</span> 
     </span>
     <span class='ocr_line' id='line_1_24' title="bbox 347 1467 1962 1529; baseline 0.001 -20"><span class='ocrx_word' id='word_1_235' title='bbox 347 1483 417 1510; x_wconf 71' lang='lat' dir='ltr'>rnre</span> <span class='ocrx_word' id='word_1_236' title='bbox 431 1493 442 1512; x_wconf 85' lang='lat'>‚</span> <span class='ocrx_word' id='word_1_237' title='bbox 454 1468 537 1509; x_wconf 88' lang='lat' dir='ltr'>satis</span> <span class='ocrx_word' id='word_1_238' title='bbox 549 1467 718 1508; x_wconf 77' lang='lat' dir='ltr'>difficile</span> <span class='ocrx_word' id='word_1_239' title='bbox 729 1469 782 1510; x_wconf 87' lang='lat' dir='ltr'>est</span> <span class='ocrx_word' id='word_1_240' title='bbox 795 1470 855 1510; x_wconf 91' lang='lat' dir='ltr'>illa</span> <span class='ocrx_word' id='word_1_241' title='bbox 874 1471 1101 1527; x_wconf 83' lang='lat' dir='ltr'>inuestigare</span> <span class='ocrx_word' id='word_1_242' title='bbox 1111 1501 1120 1516; x_wconf 88' lang='lat'>‚</span> <span class='ocrx_word' id='word_1_243' title='bbox 1138 1470 1210 1513; x_wconf 78' lang='lat' dir='ltr'>nili</span> <span class='ocrx_word' id='word_1_244' title='bbox 1224 1471 1273 1513; x_wconf 89' lang='lat' dir='ltr'>de</span> <span class='ocrx_word' id='word_1_245' title='bbox 1284 1474 1331 1525; x_wconf 82' lang='lat' dir='ltr'>ijs</span> <span class='ocrx_word' id='word_1_246' title='bbox 1346 1487 1394 1515; x_wconf 88' lang='lat' dir='ltr'>ex</span> <span class='ocrx_word' id='word_1_247' title='bbox 1407 1476 1571 1513; x_wconf 88' lang='lat' dir='ltr'>nummis</span> <span class='ocrx_word' id='word_1_248' title='bbox 1584 1501 1596 1520; x_wconf 85' lang='lat'>‚</span> <span class='ocrx_word' id='word_1_249' title='bbox 1609 1470 1822 1529; x_wconf 87' lang='lat' dir='ltr'>lapidibus,</span> <span class='ocrx_word' id='word_1_250' title='bbox 1837 1469 1881 1511; x_wconf 88' lang='lat'>&amp;</span> <span class='ocrx_word' id='word_1_251' title='bbox 1895 1482 1962 1524; x_wconf 38' lang='lat' dir='ltr'>ve·-</span> 
     </span>
     <span class='ocr_line' id='line_1_25' title="bbox 352 1529 1162 1583; baseline 0.002 -16"><span class='ocrx_word' id='word_1_252' title='bbox 352 1536 475 1567; x_wconf 87' lang='lat' dir='ltr'>terum</span> <span class='ocrx_word' id='word_1_253' title='bbox 490 1529 747 1571; x_wconf 83' lang='lat' dir='ltr'>monumentis</span> <span class='ocrx_word' id='word_1_254' title='bbox 760 1529 887 1573; x_wconf 87' lang='lat' dir='ltr'>lumen</span> <span class='ocrx_word' id='word_1_255' title='bbox 902 1532 1141 1583; x_wconf 71' lang='lat' dir='ltr'>recipiamus</span> <span class='ocrx_word' id='word_1_256' title='bbox 1152 1559 1162 1568; x_wconf 85' lang='lat'><strong>.</strong></span> 
     </span>
    </p>

    <p class='ocr_par' dir='ltr' id='par_1_8' title="bbox 743 1586 2036 2093">
     <span class='ocr_line' id='line_1_26' title="bbox 811 1586 1960 1642; baseline 0.001 -19"><span class='ocrx_word' id='word_1_257' title='bbox 811 1586 958 1624; x_wconf 87' lang='lat' dir='ltr'>Verum</span> <span class='ocrx_word' id='word_1_258' title='bbox 971 1590 1064 1640; x_wconf 89' lang='lat' dir='ltr'>quia</span> <span class='ocrx_word' id='word_1_259' title='bbox 1075 1590 1112 1632; x_wconf 82' lang='lat' dir='ltr'>in</span> <span class='ocrx_word' id='word_1_260' title='bbox 1143 1586 1320 1640; x_wconf 74' lang='lat' dir='ltr'>plurimis</span> <span class='ocrx_word' id='word_1_261' title='bbox 1338 1587 1593 1630; x_wconf 83' lang='lat' dir='ltr'>marmoribus</span> <span class='ocrx_word' id='word_1_262' title='bbox 1623 1586 1869 1642; x_wconf 84' lang='lat' dir='ltr'>antiquitatis</span> <span class='ocrx_word' id='word_1_263' title='bbox 1892 1594 1960 1624; x_wconf 81' lang='lat' dir='ltr'>ex·</span> 
     </span>
     <span class='ocr_line' id='line_1_27' title="bbox 743 1638 1964 1700; baseline -0.003 -17"><span class='ocrx_word' id='word_1_264' title='bbox 743 1640 912 1697; x_wconf 80' lang='lat' dir='ltr'>pressum</span> <span class='ocrx_word' id='word_1_265' title='bbox 922 1641 1117 1683; x_wconf 62' lang='lat' dir='ltr'>&gt;habemus</span> <span class='ocrx_word' id='word_1_266' title='bbox 1133 1647 1211 1686; x_wconf 89' lang='lat' dir='ltr'>Vas</span> <span class='ocrx_word' id='word_1_267' title='bbox 1221 1668 1234 1689; x_wconf 80' lang='lat'>‚</span> <span class='ocrx_word' id='word_1_268' title='bbox 1248 1643 1308 1685; x_wconf 92' lang='lat' dir='ltr'>seu</span> <span class='ocrx_word' id='word_1_269' title='bbox 1325 1645 1536 1687; x_wconf 87' lang='lat' dir='ltr'>Vrceolum</span> <span class='ocrx_word' id='word_1_270' title='bbox 1549 1644 1614 1686; x_wconf 89' lang='lat' dir='ltr'>hic</span> <span class='ocrx_word' id='word_1_271' title='bbox 1626 1643 1905 1700; x_wconf 71' lang='lat' dir='ltr'>praesignatum,</span> <span class='ocrx_word' id='word_1_272' title='bbox 1918 1638 1964 1679; x_wconf 88' lang='lat'>&amp;</span> 
     </span>
     <span class='ocr_line' id='line_1_28' title="bbox 744 1696 1965 1753; baseline 0.005 -17"><span class='ocrx_word' id='word_1_273' title='bbox 744 1699 848 1738; x_wconf 88' lang='lat' dir='ltr'>hunc</span> <span class='ocrx_word' id='word_1_274' title='bbox 863 1697 969 1738; x_wconf 81' lang='lat' dir='ltr'>fuiffe</span> <span class='ocrx_word' id='word_1_275' title='bbox 986 1699 1274 1742; x_wconf 87' lang='lat' dir='ltr'>Praefericulum</span> <span class='ocrx_word' id='word_1_276' title='bbox 1288 1702 1337 1743; x_wconf 89' lang='lat' dir='ltr'>ab</span> <span class='ocrx_word' id='word_1_277' title='bbox 1351 1702 1591 1745; x_wconf 83' lang='lat' dir='ltr'>Ethnicisfic</span> <span class='ocrx_word' id='word_1_278' title='bbox 1611 1704 1852 1742; x_wconf 80' lang='lat' dir='ltr'>nominatum</span> <span class='ocrx_word' id='word_1_279' title='bbox 1876 1696 1965 1753; x_wconf 77' lang='lat' dir='ltr'>plu-</span> 
     </span>
     <span class='ocr_line' id='line_1_29' title="bbox 753 1755 1966 1807; baseline 0 -14"><span class='ocrx_word' id='word_1_280' title='bbox 753 1755 838 1793; x_wconf 86' lang='lat' dir='ltr'>rimi</span> <span class='ocrx_word' id='word_1_281' title='bbox 852 1756 1077 1807; x_wconf 87' lang='lat' dir='ltr'>Scriptores</span> <span class='ocrx_word' id='word_1_282' title='bbox 1087 1755 1320 1799; x_wconf 85' lang='lat' dir='ltr'>censuerunt</span> <span class='ocrx_word' id='word_1_283' title='bbox 1332 1790 1342 1799; x_wconf 87' lang='lat'>.</span> <span class='ocrx_word' id='word_1_284' title='bbox 1365 1763 1444 1799; x_wconf 88' lang='lat' dir='ltr'>Sed</span> <span class='ocrx_word' id='word_1_285' title='bbox 1461 1760 1510 1799; x_wconf 85' lang='lat' dir='ltr'>ab</span> <span class='ocrx_word' id='word_1_286' title='bbox 1523 1759 1604 1798; x_wconf 86' lang='lat' dir='ltr'>hoc</span> <span class='ocrx_word' id='word_1_287' title='bbox 1622 1757 1822 1797; x_wconf 71' lang='lat' dir='ltr'>intellestu</span> <span class='ocrx_word' id='word_1_288' title='bbox 1837 1766 1966 1796; x_wconf 87' lang='lat' dir='ltr'>remo-</span> 
     </span>
     <span class='ocr_line' id='line_1_30' title="bbox 743 1807 1964 1861; baseline 0.003 -14"><span class='ocrx_word' id='word_1_289' title='bbox 743 1820 809 1848; x_wconf 89' lang='lat' dir='ltr'>uet</span> <span class='ocrx_word' id='word_1_290' title='bbox 823 1823 891 1848; x_wconf 87' lang='lat' dir='ltr'>nos</span> <span class='ocrx_word' id='word_1_291' title='bbox 908 1809 1031 1849; x_wconf 85' lang='lat' dir='ltr'>Festus</span> <span class='ocrx_word' id='word_1_292' title='bbox 1045 1810 1176 1854; x_wconf 83' lang='lat' dir='ltr'>Pauli,</span> <span class='ocrx_word' id='word_1_293' title='bbox 1187 1812 1277 1852; x_wconf 89' lang='lat' dir='ltr'>dum</span> <span class='ocrx_word' id='word_1_294' title='bbox 1291 1815 1367 1850; x_wconf 83' lang='lat' dir='ltr'>ait:</span> <span class='ocrx_word' id='word_1_295' title='bbox 1381 1812 1648 1861; x_wconf 59' lang='lat' dir='ltr'>Prffiriculum</span> <span class='ocrx_word' id='word_1_296' title='bbox 1665 1824 1738 1851; x_wconf 83' lang='lat' dir='ltr'>vas</span> <span class='ocrx_word' id='word_1_297' title='bbox 1761 1823 1894 1851; x_wconf 81' lang='lat' dir='ltr'>aeneum</span> <span class='ocrx_word' id='word_1_298' title='bbox 1902 1807 1964 1861; x_wconf 84' lang='lat' dir='ltr'>fi·</span> 
     </span>
     <span class='ocr_line' id='line_1_31' title="bbox 743 1860 2036 1923; baseline -0.001 -17"><span class='ocrx_word' id='word_1_299' title='bbox 743 1878 788 1904; x_wconf 85' lang='lat' dir='ltr'>ne</span> <span class='ocrx_word' id='word_1_300' title='bbox 798 1864 886 1915; x_wconf 77' lang='lat' dir='ltr'>anfit</span> <span class='ocrx_word' id='word_1_301' title='bbox 893 1874 1024 1914; x_wconf 82' lang='lat' dir='ltr'>patens</span> <span class='ocrx_word' id='word_1_302' title='bbox 1038 1865 1236 1916; x_wconf 78' lang='lat' dir='ltr'>›ficmmum</span> <span class='ocrx_word' id='word_1_303' title='bbox 1247 1867 1352 1907; x_wconf 82' lang='lat' dir='ltr'>velut</span> <span class='ocrx_word' id='word_1_304' title='bbox 1358 1869 1473 1919; x_wconf 81' lang='lat' dir='ltr'>peluis</span> <span class='ocrx_word' id='word_1_305' title='bbox 1494 1892 1505 1912; x_wconf 89' lang='lat'>‚</span> <span class='ocrx_word' id='word_1_306' title='bbox 1529 1883 1601 1923; x_wconf 85' lang='lat' dir='ltr'>quo</span> <span class='ocrx_word' id='word_1_307' title='bbox 1616 1872 1656 1908; x_wconf 89' lang='lat' dir='ltr'>in</span> <span class='ocrx_word' id='word_1_308' title='bbox 1669 1867 1857 1923; x_wconf 86' lang='lat' dir='ltr'>Sacrificio</span> <span class='ocrx_word' id='word_1_309' title='bbox 1869 1867 1958 1917; x_wconf 86' lang='lat' dir='ltr'>Opis</span> <span class='ocrx_word' id='word_1_310' title='bbox 1985 1860 2036 1911; x_wconf 85' lang='lat' dir='ltr'>C</span> 
     </span>
     <span class='ocr_line' id='line_1_32' title="bbox 745 1919 1958 1977; baseline 0.002 -17"><span class='ocrx_word' id='word_1_311' title='bbox 745 1919 902 1972; x_wconf 64' lang='lat' dir='ltr'>Consiua</span> <span class='ocrx_word' id='word_1_312' title='bbox 913 1919 1117 1959; x_wconf 84' lang='lat' dir='ltr'>vtebantur</span> <span class='ocrx_word' id='word_1_313' title='bbox 1145 1952 1155 1961; x_wconf 88' lang='lat'><em>.</em></span> <span class='ocrx_word' id='word_1_314' title='bbox 1184 1923 1312 1972; x_wconf 79' lang='lat' dir='ltr'>Quod</span> <span class='ocrx_word' id='word_1_315' title='bbox 1338 1929 1491 1977; x_wconf 88' lang='lat' dir='ltr'>penitus</span> <span class='ocrx_word' id='word_1_316' title='bbox 1508 1928 1745 1965; x_wconf 84' lang='lat' dir='ltr'>contrarium</span> <span class='ocrx_word' id='word_1_317' title='bbox 1771 1923 1825 1964; x_wconf 88' lang='lat' dir='ltr'>est</span> <span class='ocrx_word' id='word_1_318' title='bbox 1842 1925 1958 1964; x_wconf 81' lang='lat' dir='ltr'>Iconi</span> 
     </span>
     <span class='ocr_line' id='line_1_33' title="bbox 743 1976 1961 2034; baseline 0.002 -17"><span class='ocrx_word' id='word_1_319' title='bbox 743 1976 982 2032; x_wconf 81' lang='lat' dir='ltr'>praefignatae</span> <span class='ocrx_word' id='word_1_320' title='bbox 994 1993 1004 2023; x_wconf 94' lang='lat'>;</span> <span class='ocrx_word' id='word_1_321' title='bbox 1014 1976 1198 2034; x_wconf 75' lang='lat' dir='ltr'>siquidem</span> <span class='ocrx_word' id='word_1_322' title='bbox 1212 1992 1275 2019; x_wconf 89' lang='lat' dir='ltr'>vas</span> <span class='ocrx_word' id='word_1_323' title='bbox 1288 1978 1382 2020; x_wconf 88' lang='lat' dir='ltr'>illud</span> <span class='ocrx_word' id='word_1_324' title='bbox 1395 1994 1482 2022; x_wconf 90' lang='lat' dir='ltr'>cum</span> <span class='ocrx_word' id='word_1_325' title='bbox 1496 1980 1580 2023; x_wconf 87' lang='lat' dir='ltr'>ansa</span> <span class='ocrx_word' id='word_1_326' title='bbox 1594 1981 1736 2026; x_wconf 66' lang='lat' dir='ltr'>effectu</span> <span class='ocrx_word' id='word_1_327' title='bbox 1748 1980 1894 2024; x_wconf 62' lang='lat' dir='ltr'>visitur,</span> <span class='ocrx_word' id='word_1_328' title='bbox 1912 1990 1961 2020; x_wconf 83' lang='lat' dir='ltr'>ac</span> 
     </span>
     <span class='ocr_line' id='line_1_34' title="bbox 746 2032 1781 2093; baseline 0.004 -19"><span class='ocrx_word' id='word_1_329' title='bbox 746 2038 860 2076; x_wconf 88' lang='lat' dir='ltr'>etiam</span> <span class='ocrx_word' id='word_1_330' title='bbox 874 2032 1063 2075; x_wconf 85' lang='lat' dir='ltr'>summitas</span> <span class='ocrx_word' id='word_1_331' title='bbox 1080 2036 1187 2077; x_wconf 79' lang='lat' dir='ltr'>Vafis</span> <span class='ocrx_word' id='word_1_332' title='bbox 1204 2051 1283 2078; x_wconf 88' lang='lat' dir='ltr'>non</span> <span class='ocrx_word' id='word_1_333' title='bbox 1296 2051 1435 2093; x_wconf 86' lang='lat' dir='ltr'>patens</span> <span class='ocrx_word' id='word_1_334' title='bbox 1448 2067 1458 2083; x_wconf 92' lang='lat'><em>‚</em></span> <span class='ocrx_word' id='word_1_335' title='bbox 1470 2038 1534 2079; x_wconf 91' lang='lat' dir='ltr'>sed</span> <span class='ocrx_word' id='word_1_336' title='bbox 1549 2038 1636 2079; x_wconf 79' lang='lat' dir='ltr'>satis</span> <span class='ocrx_word' id='word_1_337' title='bbox 1654 2039 1781 2080; x_wconf 68' lang='lat' dir='ltr'>atsta.</span> 
     </span>
    </p>

    <p class='ocr_par' dir='ltr' id='par_1_9' title="bbox 804 2092 1964 2150">
     <span class='ocr_line' id='line_1_35' title="bbox 804 2092 1964 2150; baseline -0.002 -16"><span class='ocrx_word' id='word_1_338' title='bbox 804 2097 850 2134; x_wconf 81' lang='lat' dir='ltr'>Et</span> <span class='ocrx_word' id='word_1_339' title='bbox 868 2105 956 2134; x_wconf 86' lang='lat' dir='ltr'>cum</span> <span class='ocrx_word' id='word_1_340' title='bbox 970 2095 1022 2132; x_wconf 87' lang='lat' dir='ltr'>de</span> <span class='ocrx_word' id='word_1_341' title='bbox 1034 2095 1222 2147; x_wconf 71' lang='lat' dir='ltr'>praedista</span> <span class='ocrx_word' id='word_1_342' title='bbox 1239 2098 1487 2150; x_wconf 84' lang='lat' dir='ltr'>Scriptorum</span> <span class='ocrx_word' id='word_1_343' title='bbox 1506 2093 1774 2136; x_wconf 84' lang='lat' dir='ltr'>discordantia</span> <span class='ocrx_word' id='word_1_344' title='bbox 1788 2092 1883 2135; x_wconf 82' lang='lat' dir='ltr'>effet</span> <span class='ocrx_word' id='word_1_345' title='bbox 1894 2093 1964 2134; x_wconf 89' lang='lat' dir='ltr'>mi-</span> 
     </span>
    </p>

    <p class='ocr_par' dir='ltr' id='par_1_10' title="bbox 690 2146 1979 2264">
     <span class='ocr_line' id='line_1_36' title="bbox 690 2146 1979 2205; baseline -0.002 -13"><span class='ocrx_word' id='word_1_346' title='bbox 690 2175 692 2177; x_wconf 60' lang='lat'>&gt;</span> <span class='ocrx_word' id='word_1_347' title='bbox 748 2146 925 2192; x_wconf 70' lang='lat' dir='ltr'>hilei-mo</span> <span class='ocrx_word' id='word_1_348' title='bbox 936 2164 1022 2190; x_wconf 88' lang='lat' dir='ltr'>cum</span> <span class='ocrx_word' id='word_1_349' title='bbox 1037 2152 1194 2193; x_wconf 88' lang='lat' dir='ltr'>erudito</span> <span class='ocrx_word' id='word_1_350' title='bbox 1206 2152 1563 2194; x_wconf 82' lang='lat' dir='ltr'>vironumismatum</span> <span class='ocrx_word' id='word_1_351' title='bbox 1590 2153 1632 2193; x_wconf 87' lang='lat'>&amp;</span> <span class='ocrx_word' id='word_1_352' title='bbox 1655 2155 1773 2193; x_wconf 90' lang='lat' dir='ltr'>totius</span> <span class='ocrx_word' id='word_1_353' title='bbox 1791 2151 1979 2205; x_wconf 61' lang='lat' dir='ltr'>antiqui—I</span> 
     </span>
     <span class='ocr_line' id='line_1_37' title="bbox 750 2207 1977 2264; baseline -0.002 -15"><span class='ocrx_word' id='word_1_354' title='bbox 750 2210 838 2249; x_wconf 80' lang='lat' dir='ltr'>tatis</span> <span class='ocrx_word' id='word_1_355' title='bbox 864 2208 918 2247; x_wconf 89' lang='lat' dir='ltr'>D.</span> <span class='ocrx_word' id='word_1_356' title='bbox 943 2207 1149 2249; x_wconf 87' lang='lat' dir='ltr'>Francisco</span> <span class='ocrx_word' id='word_1_357' title='bbox 1176 2209 1405 2264; x_wconf 86' lang='lat' dir='ltr'>Angelono;</span> <span class='ocrx_word' id='word_1_358' title='bbox 1432 2209 1608 2252; x_wconf 86' lang='lat' dir='ltr'>exhibuit</span> <span class='ocrx_word' id='word_1_359' title='bbox 1627 2209 1690 2251; x_wconf 87' lang='lat' dir='ltr'>ille</span> <span class='ocrx_word' id='word_1_360' title='bbox 1717 2209 1813 2250; x_wconf 90' lang='lat' dir='ltr'>mihi</span> <span class='ocrx_word' id='word_1_361' title='bbox 1825 2221 1874 2249; x_wconf 88' lang='lat' dir='ltr'>ex</span> <span class='ocrx_word' id='word_1_362' title='bbox 1892 2207 1977 2249; x_wconf 68' lang='lat' dir='ltr'>suo</span> 
     </span>
    </p>

    <p class='ocr_par' dir='ltr' id='par_1_11' title="bbox 351 2258 2040 2650">
     <span class='ocr_line' id='line_1_38' title="bbox 753 2258 1962 2323; baseline -0.002 -18"><span class='ocrx_word' id='word_1_363' title='bbox 753 2263 902 2306; x_wconf 79' lang='lat' dir='ltr'>Musaeo</span> <span class='ocrx_word' id='word_1_364' title='bbox 923 2267 1001 2307; x_wconf 85' lang='lat' dir='ltr'>Vas</span> <span class='ocrx_word' id='word_1_365' title='bbox 1019 2276 1165 2306; x_wconf 87' lang='lat' dir='ltr'>aeneum</span> <span class='ocrx_word' id='word_1_366' title='bbox 1178 2268 1214 2307; x_wconf 89' lang='lat' dir='ltr'>in</span> <span class='ocrx_word' id='word_1_367' title='bbox 1231 2265 1445 2309; x_wconf 83' lang='lat' dir='ltr'>summitate</span> <span class='ocrx_word' id='word_1_368' title='bbox 1456 2268 1680 2323; x_wconf 83' lang='lat' dir='ltr'>patens,cui</span> <span class='ocrx_word' id='word_1_369' title='bbox 1694 2264 1853 2321; x_wconf 75' lang='lat' dir='ltr'>superne</span> <span class='ocrx_word' id='word_1_370' title='bbox 1866 2258 1962 2304; x_wconf 73' lang='lat' dir='ltr'>inest</span> 
     </span>
     <span class='ocr_line' id='line_1_39' title="bbox 356 2319 1963 2379; baseline -0.004 -14"><span class='ocrx_word' id='word_1_371' title='bbox 356 2323 493 2365; x_wconf 79' lang='lat' dir='ltr'>infixus</span> <span class='ocrx_word' id='word_1_372' title='bbox 507 2322 631 2364; x_wconf 74' lang='lat' dir='ltr'>discus</span> <span class='ocrx_word' id='word_1_373' title='bbox 643 2337 841 2365; x_wconf 86' lang='lat' dir='ltr'>concauus</span> <span class='ocrx_word' id='word_1_374' title='bbox 852 2353 861 2368; x_wconf 91' lang='lat'><strong><em>,</em></strong></span> <span class='ocrx_word' id='word_1_375' title='bbox 872 2337 919 2369; x_wconf 71' lang='lat' dir='ltr'>ex</span> <span class='ocrx_word' id='word_1_376' title='bbox 936 2322 1091 2363; x_wconf 85' lang='lat' dir='ltr'>metallo</span> <span class='ocrx_word' id='word_1_377' title='bbox 1107 2328 1230 2379; x_wconf 85' lang='lat' dir='ltr'>magni</span> <span class='ocrx_word' id='word_1_378' title='bbox 1246 2326 1435 2378; x_wconf 87' lang='lat' dir='ltr'>ponderis</span> <span class='ocrx_word' id='word_1_379' title='bbox 1450 2354 1459 2369; x_wconf 93' lang='lat'>‚</span> <span class='ocrx_word' id='word_1_380' title='bbox 1481 2328 1656 2379; x_wconf 88' lang='lat' dir='ltr'>vtignem</span> <span class='ocrx_word' id='word_1_381' title='bbox 1671 2319 1878 2376; x_wconf 86' lang='lat' dir='ltr'>superilltd</span> <span class='ocrx_word' id='word_1_382' title='bbox 1892 2332 1963 2373; x_wconf 88' lang='lat' dir='ltr'>ap-</span> 
     </span>
     <span class='ocr_line' id='line_1_40' title="bbox 351 2377 1964 2436; baseline -0.003 -16"><span class='ocrx_word' id='word_1_383' title='bbox 351 2381 520 2436; x_wconf 75' lang='lat' dir='ltr'>positum</span> <span class='ocrx_word' id='word_1_384' title='bbox 536 2379 642 2421; x_wconf 83' lang='lat' dir='ltr'>suiffe</span> <span class='ocrx_word' id='word_1_385' title='bbox 654 2379 739 2420; x_wconf 87' lang='lat' dir='ltr'>satis</span> <span class='ocrx_word' id='word_1_386' title='bbox 754 2377 961 2435; x_wconf 83' lang='lat' dir='ltr'>probabile</span> <span class='ocrx_word' id='word_1_387' title='bbox 978 2378 1027 2425; x_wconf 83' lang='lat' dir='ltr'>fit</span> <span class='ocrx_word' id='word_1_388' title='bbox 1039 2382 1076 2419; x_wconf 88' lang='lat' dir='ltr'>in</span> <span class='ocrx_word' id='word_1_389' title='bbox 1088 2377 1282 2421; x_wconf 81' lang='lat' dir='ltr'>sacrorum</span> <span class='ocrx_word' id='word_1_390' title='bbox 1296 2379 1416 2426; x_wconf 87' lang='lat' dir='ltr'>vsum,</span> <span class='ocrx_word' id='word_1_391' title='bbox 1438 2381 1548 2421; x_wconf 69' lang='lat' dir='ltr'>sicuti</span> <span class='ocrx_word' id='word_1_392' title='bbox 1561 2384 1600 2420; x_wconf 83' lang='lat' dir='ltr'>in</span> <span class='ocrx_word' id='word_1_393' title='bbox 1613 2379 1792 2421; x_wconf 83' lang='lat' dir='ltr'>Aedibus</span> <span class='ocrx_word' id='word_1_394' title='bbox 1820 2377 1964 2416; x_wconf 86' lang='lat' dir='ltr'>Domi-</span> 
     </span>
     <span class='ocr_line' id='line_1_41' title="bbox 353 2431 1964 2490; baseline -0.004 -12"><span class='ocrx_word' id='word_1_395' title='bbox 353 2452 490 2478; x_wconf 86' lang='lat' dir='ltr'>norum</span> <span class='ocrx_word' id='word_1_396' title='bbox 507 2435 555 2476; x_wconf 90' lang='lat' dir='ltr'>de</span> <span class='ocrx_word' id='word_1_397' title='bbox 565 2437 760 2477; x_wconf 79' lang='lat' dir='ltr'>Matthaeis</span> <span class='ocrx_word' id='word_1_398' title='bbox 774 2436 840 2476; x_wconf 84' lang='lat' dir='ltr'>hic</span> <span class='ocrx_word' id='word_1_399' title='bbox 854 2437 993 2475; x_wconf 81' lang='lat' dir='ltr'>Romae</span> <span class='ocrx_word' id='word_1_400' title='bbox 1003 2436 1175 2476; x_wconf 85' lang='lat' dir='ltr'>videmus</span> <span class='ocrx_word' id='word_1_401' title='bbox 1187 2438 1383 2489; x_wconf 86' lang='lat' dir='ltr'>antiquum</span> <span class='ocrx_word' id='word_1_402' title='bbox 1411 2450 1578 2478; x_wconf 88' lang='lat' dir='ltr'>marmor</span> <span class='ocrx_word' id='word_1_403' title='bbox 1593 2465 1602 2479; x_wconf 91' lang='lat'>‚</span> <span class='ocrx_word' id='word_1_404' title='bbox 1625 2438 1664 2476; x_wconf 89' lang='lat' dir='ltr'>in</span> <span class='ocrx_word' id='word_1_405' title='bbox 1695 2448 1776 2490; x_wconf 92' lang='lat' dir='ltr'>quo</span> <span class='ocrx_word' id='word_1_406' title='bbox 1797 2431 1964 2489; x_wconf 82' lang='lat' dir='ltr'>scalptus</span> 
     </span>
     <span class='ocr_line' id='line_1_42' title="bbox 356 2489 1962 2547; baseline -0.002 -14"><span class='ocrx_word' id='word_1_407' title='bbox 356 2494 408 2534; x_wconf 84' lang='lat' dir='ltr'>est</span> <span class='ocrx_word' id='word_1_408' title='bbox 422 2493 600 2535; x_wconf 84' lang='lat' dir='ltr'>sacerdos</span> <span class='ocrx_word' id='word_1_409' title='bbox 610 2493 727 2534; x_wconf 81' lang='lat' dir='ltr'>fimile</span> <span class='ocrx_word' id='word_1_410' title='bbox 740 2497 819 2537; x_wconf 78' lang='lat' dir='ltr'>Vas</span> <span class='ocrx_word' id='word_1_411' title='bbox 830 2491 976 2532; x_wconf 90' lang='lat' dir='ltr'>habens</span> <span class='ocrx_word' id='word_1_412' title='bbox 991 2492 1028 2531; x_wconf 91' lang='lat' dir='ltr'>in</span> <span class='ocrx_word' id='word_1_413' title='bbox 1042 2491 1216 2532; x_wconf 87' lang='lat' dir='ltr'>manibus</span> <span class='ocrx_word' id='word_1_414' title='bbox 1230 2515 1241 2535; x_wconf 87' lang='lat'>,</span> <span class='ocrx_word' id='word_1_415' title='bbox 1257 2491 1375 2545; x_wconf 87' lang='lat' dir='ltr'>&#39;supra</span> <span class='ocrx_word' id='word_1_416' title='bbox 1389 2494 1499 2546; x_wconf 82' lang='lat' dir='ltr'>quod.</span> <span class='ocrx_word' id='word_1_417' title='bbox 1512 2496 1608 2547; x_wconf 88' lang='lat' dir='ltr'>ignis</span> <span class='ocrx_word' id='word_1_418' title='bbox 1624 2492 1735 2533; x_wconf 85' lang='lat' dir='ltr'>ardet</span> <span class='ocrx_word' id='word_1_419' title='bbox 1757 2521 1769 2536; x_wconf 92' lang='lat'>,</span> <span class='ocrx_word' id='word_1_420' title='bbox 1788 2492 1832 2532; x_wconf 70' lang='grc' dir='ltr'>ὃ(</span> <span class='ocrx_word' id='word_1_421' title='bbox 1853 2489 1962 2531; x_wconf 87' lang='lat' dir='ltr'>hunc</span> 
     </span>
     <span class='ocr_line' id='line_1_43' title="bbox 356 2533 2040 2606; baseline -0.001 -16"><span class='ocrx_word' id='word_1_422' title='bbox 356 2550 460 2594; x_wconf 77' lang='lat' dir='ltr'>fuisse</span> <span class='ocrx_word' id='word_1_423' title='bbox 474 2554 671 2595; x_wconf 73' lang='lat' dir='ltr'>antiquum</span> <span class='ocrx_word' id='word_1_424' title='bbox 684 2547 967 2592; x_wconf 86' lang='lat' dir='ltr'>Praefericulum</span> <span class='ocrx_word' id='word_1_425' title='bbox 981 2548 1028 2588; x_wconf 85' lang='lat' dir='ltr'>ad</span> <span class='ocrx_word' id='word_1_426' title='bbox 1041 2546 1229 2590; x_wconf 87' lang='lat' dir='ltr'>sacrificia</span> <span class='ocrx_word' id='word_1_427' title='bbox 1243 2547 1439 2606; x_wconf 77' lang='lat' dir='ltr'>supponit</span> <span class='ocrx_word' id='word_1_428' title='bbox 1454 2549 1505 2590; x_wconf 92' lang='lat' dir='ltr'>D.</span> <span class='ocrx_word' id='word_1_429' title='bbox 1524 2548 1750 2604; x_wconf 89' lang='lat' dir='ltr'>Angelonus</span> <span class='ocrx_word' id='word_1_430' title='bbox 1771 2571 1784 2593; x_wconf 82' lang='lat'>,</span> <span class='ocrx_word' id='word_1_431' title='bbox 1810 2551 1872 2589; x_wconf 90' lang='lat' dir='ltr'>cui</span> <span class='ocrx_word' id='word_1_432' title='bbox 1887 2560 1963 2603; x_wconf 88' lang='lat' dir='ltr'>ego</span> <span class='ocrx_word' id='word_1_433' title='bbox 1989 2533 2040 2588; x_wconf 86' lang='lat' dir='ltr'>D</span> 
     </span>
     <span class='ocr_line' id='line_1_44' title="bbox 359 2606 1577 2650; baseline -0.002 -1"><span class='ocrx_word' id='word_1_434' title='bbox 359 2607 470 2649; x_wconf 78' lang='lat' dir='ltr'>facile</span> <span class='ocrx_word' id='word_1_435' title='bbox 486 2606 760 2650; x_wconf 82' lang='lat' dir='ltr'>subscriberem</span> <span class='ocrx_word' id='word_1_436' title='bbox 776 2640 785 2649; x_wconf 89' lang='lat'><strong>.</strong></span> <span class='ocrx_word' id='word_1_437' title='bbox 978 2632 981 2633; x_wconf 29' lang='grc' dir='ltr'><em>ν</em></span> <span class='ocrx_word' id='word_1_438' title='bbox 1061 2642 1067 2649; x_wconf 34' lang='grc' dir='ltr'>ι</span> <span class='ocrx_word' id='word_1_439' title='bbox 1354 2628 1355 2631; x_wconf 41' lang='grc'><strong>“</strong></span> <span class='ocrx_word' id='word_1_440' title='bbox 1476 2645 1479 2649; x_wconf 24' lang='grc' dir='ltr'><strong><em>Δ</em></strong></span> <span class='ocrx_word' id='word_1_441' title='bbox 1574 2646 1577 2647; x_wconf 19' lang='lat'><em>⁷</em></span> 
     </span>
    </p>

    <p class='ocr_par' dir='ltr' id='par_1_12' title="bbox 418 2661 1966 2717">
     <span class='ocr_line' id='line_1_45' title="bbox 418 2661 1966 2717; baseline -0.002 -13"><span class='ocrx_word' id='word_1_442' title='bbox 418 2665 502 2706; x_wconf 85' lang='lat' dir='ltr'>Nifi</span> <span class='ocrx_word' id='word_1_443' title='bbox 512 2663 612 2705; x_wconf 81' lang='lat' dir='ltr'>forte</span> <span class='ocrx_word' id='word_1_444' title='bbox 627 2666 785 2706; x_wconf 86' lang='lat' dir='ltr'>velimus</span> <span class='ocrx_word' id='word_1_445' title='bbox 799 2664 942 2707; x_wconf 87' lang='lat' dir='ltr'>dicere,</span> <span class='ocrx_word' id='word_1_446' title='bbox 958 2661 1245 2705; x_wconf 76' lang='lat' dir='ltr'>praefericulum</span> <span class='ocrx_word' id='word_1_447' title='bbox 1259 2662 1364 2704; x_wconf 81' lang='lat' dir='ltr'>fuiffe</span> <span class='ocrx_word' id='word_1_448' title='bbox 1375 2664 1591 2704; x_wconf 83' lang='lat' dir='ltr'>Lucernam</span> <span class='ocrx_word' id='word_1_449' title='bbox 1603 2661 1719 2704; x_wconf 86' lang='lat' dir='ltr'>instar</span> <span class='ocrx_word' id='word_1_450' title='bbox 1731 2661 1880 2717; x_wconf 84' lang='lat' dir='ltr'>cymbae</span> <span class='ocrx_word' id='word_1_451' title='bbox 1890 2674 1966 2717; x_wconf 85' lang='lat' dir='ltr'>po-</span> 
     </span>
    </p>
   </div>
   <div class='ocr_carea' id='block_1_3' title="bbox 399 1620 686 2252">
    <p class='ocr_par' dir='ltr' id='par_1_13' title="bbox 399 1620 686 2252">
     <span class='ocr_line' id='line_1_46' title="bbox 399 1620 686 2252; baseline 0 1228"><span class='ocrx_word' id='word_1_452' title='bbox 399 1620 686 2252; x_wconf 95' lang='lat' dir='ltr'> </span> 
     </span>
    </p>
   </div>
   <div class='ocr_carea' id='block_1_4' title="bbox 362 2717 2106 2777">
    <p class='ocr_par' dir='ltr' id='par_1_14' title="bbox 362 2717 2106 2777">
     <span class='ocr_line' id='line_1_47' title="bbox 362 2717 2106 2777; baseline -0.001 -17"><span class='ocrx_word' id='word_1_453' title='bbox 362 2725 473 2761; x_wconf 81' lang='lat' dir='ltr'>toriae</span> <span class='ocrx_word' id='word_1_454' title='bbox 488 2745 497 2764; x_wconf 86' lang='lat'>‚</span> <span class='ocrx_word' id='word_1_455' title='bbox 512 2719 573 2761; x_wconf 88' lang='lat' dir='ltr'>seu</span> <span class='ocrx_word' id='word_1_456' title='bbox 589 2723 710 2762; x_wconf 86' lang='lat' dir='ltr'>Nucis</span> <span class='ocrx_word' id='word_1_457' title='bbox 726 2721 1012 2777; x_wconf 82' lang='lat' dir='ltr'>Amygdalinae:</span> <span class='ocrx_word' id='word_1_458' title='bbox 1027 2722 1064 2760; x_wconf 90' lang='lat' dir='ltr'>in</span> <span class='ocrx_word' id='word_1_459' title='bbox 1082 2735 1158 2775; x_wconf 89' lang='lat' dir='ltr'>qua</span> <span class='ocrx_word' id='word_1_460' title='bbox 1177 2720 1415 2775; x_wconf 74' lang='lat' dir='ltr'>ellychnium</span> <span class='ocrx_word' id='word_1_461' title='bbox 1430 2725 1465 2760; x_wconf 92' lang='lat' dir='ltr'>in</span> <span class='ocrx_word' id='word_1_462' title='bbox 1479 2719 1607 2761; x_wconf 89' lang='lat' dir='ltr'>medio</span> <span class='ocrx_word' id='word_1_463' title='bbox 1621 2717 1973 2774; x_wconf 71' lang='lat' dir='ltr'>statuipoffitaeum</span> <span class='ocrx_word' id='word_1_464' title='bbox 2000 2732 2014 2765; x_wconf 50' lang='grc' dir='ltr'>,ζ</span> <span class='ocrx_word' id='word_1_465' title='bbox 2033 2733 2040 2766; x_wconf 71' lang='lat'>².</span> <span class='ocrx_word' id='word_1_466' title='bbox 2103 2728 2106 2730; x_wconf 74' lang='grc'>’</span> 
     </span>
    </p>
   </div>
   <div class='ocr_carea' id='block_1_5' title="bbox 362 2774 1971 3341">
    <p class='ocr_par' dir='ltr' id='par_1_15' title="bbox 362 2774 1971 3341">
     <span class='ocr_line' id='line_1_48' title="bbox 362 2774 1970 2833; baseline -0.002 -17"><span class='ocrx_word' id='word_1_467' title='bbox 362 2790 491 2826; x_wconf 82' lang='lat' dir='ltr'>vtraq;</span> <span class='ocrx_word' id='word_1_468' title='bbox 508 2783 749 2819; x_wconf 82' lang='lat' dir='ltr'>extremitate</span> <span class='ocrx_word' id='word_1_469' title='bbox 761 2779 803 2819; x_wconf 81' lang='lat' dir='ltr'>fit</span> <span class='ocrx_word' id='word_1_470' title='bbox 818 2777 969 2833; x_wconf 84' lang='lat' dir='ltr'>angusta</span> <span class='ocrx_word' id='word_1_471' title='bbox 984 2779 1042 2819; x_wconf 77' lang='lat' dir='ltr'>‚in</span> <span class='ocrx_word' id='word_1_472' title='bbox 1059 2789 1208 2818; x_wconf 86' lang='lat' dir='ltr'>acutum</span> <span class='ocrx_word' id='word_1_473' title='bbox 1223 2776 1407 2832; x_wconf 86' lang='lat' dir='ltr'>tantisper</span> <span class='ocrx_word' id='word_1_474' title='bbox 1416 2777 1716 2821; x_wconf 81' lang='lat' dir='ltr'>definens;cuius</span> <span class='ocrx_word' id='word_1_475' title='bbox 1732 2774 1970 2829; x_wconf 74' lang='lat' dir='ltr'>mediumla-</span> 
     </span>
     <span class='ocr_line' id='line_1_49' title="bbox 363 2831 1970 2890; baseline 0.001 -17"><span class='ocrx_word' id='word_1_476' title='bbox 363 2831 521 2875; x_wconf 90' lang='lat' dir='ltr'>tiussese</span> <span class='ocrx_word' id='word_1_477' title='bbox 538 2834 945 2890; x_wconf 69' lang='lat' dir='ltr'>aperit:ill&#39;1usq;forma</span> <span class='ocrx_word' id='word_1_478' title='bbox 954 2842 1002 2872; x_wconf 82' lang='lat' dir='ltr'>ex</span> <span class='ocrx_word' id='word_1_479' title='bbox 1026 2838 1191 2889; x_wconf 84' lang='lat' dir='ltr'>antiquis</span> <span class='ocrx_word' id='word_1_480' title='bbox 1212 2835 1464 2875; x_wconf 85' lang='lat' dir='ltr'>marmoribus</span> <span class='ocrx_word' id='word_1_481' title='bbox 1475 2834 1540 2875; x_wconf 92' lang='lat' dir='ltr'>hic</span> <span class='ocrx_word' id='word_1_482' title='bbox 1555 2832 1797 2889; x_wconf 86' lang='lat' dir='ltr'>effigiandam</span> <span class='ocrx_word' id='word_1_483' title='bbox 1814 2834 1970 2875; x_wconf 79' lang='lat' dir='ltr'>curaui;</span> 
     </span>
     <span class='ocr_line' id='line_1_50' title="bbox 943 2888 1963 2946; baseline -0.003 -16"><span class='ocrx_word' id='word_1_484' title='bbox 943 2890 1164 2946; x_wconf 76' lang='lat' dir='ltr'>Quodipse</span> <span class='ocrx_word' id='word_1_485' title='bbox 1181 2905 1338 2946; x_wconf 87' lang='lat' dir='ltr'>quoque</span> <span class='ocrx_word' id='word_1_486' title='bbox 1353 2890 1710 2946; x_wconf 82' lang='lat' dir='ltr'>Apuleiusloquens</span> <span class='ocrx_word' id='word_1_487' title='bbox 1730 2891 1779 2930; x_wconf 86' lang='lat' dir='ltr'>de</span> <span class='ocrx_word' id='word_1_488' title='bbox 1803 2888 1963 2931; x_wconf 89' lang='lat' dir='ltr'>Antisti-</span> 
     </span>
     <span class='ocr_line' id='line_1_51' title="bbox 944 2944 1960 3003; baseline -0.004 -17"><span class='ocrx_word' id='word_1_489' title='bbox 944 2956 983 2986; x_wconf 91' lang='lat' dir='ltr'>te</span> <span class='ocrx_word' id='word_1_490' title='bbox 1000 2947 1252 2989; x_wconf 72' lang='lat' dir='ltr'>Sacrificiorfi</span> <span class='ocrx_word' id='word_1_491' title='bbox 1263 2948 1383 2991; x_wconf 74' lang='lat' dir='ltr'>Isidis,</span> <span class='ocrx_word' id='word_1_492' title='bbox 1396 2949 1600 3003; x_wconf 83' lang='lat' dir='ltr'>explicuit.</span> <span class='ocrx_word' id='word_1_493' title='bbox 1618 2945 1885 2998; x_wconf 82' lang='lat' dir='ltr'>Metamorph.</span> <span class='ocrx_word' id='word_1_494' title='bbox 1899 2944 1960 2984; x_wconf 76' lang='lat' dir='ltr'>his</span> 
     </span>
     <span class='ocr_line' id='line_1_52' title="bbox 953 3003 1962 3063; baseline -0.004 -20"><span class='ocrx_word' id='word_1_495' title='bbox 953 3005 1079 3045; x_wconf 88' lang='lat' dir='ltr'>verbis</span> <span class='ocrx_word' id='word_1_496' title='bbox 1102 3023 1111 3046; x_wconf 78' lang='grc' dir='ltr'><em>ι</em></span> <span class='ocrx_word' id='word_1_497' title='bbox 1143 3004 1317 3063; x_wconf 77' lang='lat' dir='ltr'>Qorum</span> <span class='ocrx_word' id='word_1_498' title='bbox 1329 3008 1470 3058; x_wconf 82' lang='lat' dir='ltr'>primus</span> <span class='ocrx_word' id='word_1_499' title='bbox 1480 3009 1675 3047; x_wconf 83' lang='lat' dir='ltr'>Lucernam</span> <span class='ocrx_word' id='word_1_500' title='bbox 1691 3003 1962 3056; x_wconf 81' lang='lat' dir='ltr'>praemicantem</span> 
     </span>
     <span class='ocr_line' id='line_1_53' title="bbox 953 3056 1970 3116; baseline -0.001 -16"><span class='ocrx_word' id='word_1_501' title='bbox 953 3061 1049 3102; x_wconf 78' lang='lat' dir='ltr'>claro</span> <span class='ocrx_word' id='word_1_502' title='bbox 1058 3064 1270 3116; x_wconf 79' lang='lat' dir='ltr'>porrigebat</span> <span class='ocrx_word' id='word_1_503' title='bbox 1278 3064 1414 3102; x_wconf 81' lang='lat' dir='ltr'>lumine</span> <span class='ocrx_word' id='word_1_504' title='bbox 1426 3087 1436 3107; x_wconf 86' lang='lat'><em>,</em></span> <span class='ocrx_word' id='word_1_505' title='bbox 1450 3077 1521 3103; x_wconf 86' lang='lat' dir='ltr'>non</span> <span class='ocrx_word' id='word_1_506' title='bbox 1534 3060 1666 3103; x_wconf 71' lang='lat' dir='ltr'>nofiris</span> <span class='ocrx_word' id='word_1_507' title='bbox 1677 3056 1852 3110; x_wconf 78' lang='lat' dir='ltr'>constmile</span> <span class='ocrx_word' id='word_1_508' title='bbox 1868 3085 1878 3102; x_wconf 81' lang='lat'><em>‚</em></span> <span class='ocrx_word' id='word_1_509' title='bbox 1888 3070 1970 3112; x_wconf 61' lang='lat' dir='ltr'>quae</span> 
     </span>
     <span class='ocr_line' id='line_1_54' title="bbox 953 3114 1967 3173; baseline -0.003 -14"><span class='ocrx_word' id='word_1_510' title='bbox 953 3118 1180 3173; x_wconf 74' lang='lat' dir='ltr'>vespertinas</span> <span class='ocrx_word' id='word_1_511' title='bbox 1188 3119 1398 3160; x_wconf 83' lang='lat' dir='ltr'>illuminant</span> <span class='ocrx_word' id='word_1_512' title='bbox 1410 3120 1531 3172; x_wconf 80' lang='lat' dir='ltr'>epulas</span> <span class='ocrx_word' id='word_1_513' title='bbox 1548 3134 1559 3165; x_wconf 86' lang='lat'>;</span> <span class='ocrx_word' id='word_1_514' title='bbox 1571 3118 1795 3173; x_wconf 62' lang='lat' dir='ltr'>sedaureum</span> <span class='ocrx_word' id='word_1_515' title='bbox 1811 3114 1967 3170; x_wconf 70' lang='lat' dir='ltr'>Cymbiz&#39;c</span> 
     </span>
     <span class='ocr_line' id='line_1_55' title="bbox 953 3172 1969 3231; baseline -0.003 -17"><span class='ocrx_word' id='word_1_516' title='bbox 953 3176 993 3214; x_wconf 86' lang='lat' dir='ltr'>in</span> <span class='ocrx_word' id='word_1_517' title='bbox 1004 3176 1118 3216; x_wconf 86' lang='lat' dir='ltr'>medio</span> <span class='ocrx_word' id='word_1_518' title='bbox 1117 3175 1183 3231; x_wconf 66' lang='lat' dir='ltr'>fiai</span> <span class='ocrx_word' id='word_1_519' title='bbox 1183 3185 1316 3228; x_wconf 81' lang='lat' dir='ltr'>patore</span> <span class='ocrx_word' id='word_1_520' title='bbox 1313 3174 1546 3230; x_wconf 79' lang='lat' dir='ltr'>flammulam</span> <span class='ocrx_word' id='word_1_521' title='bbox 1552 3174 1735 3230; x_wconf 66' lang='lat' dir='ltr'>sitfiitam</span> <span class='ocrx_word' id='word_1_522' title='bbox 1754 3172 1947 3225; x_wconf 81' lang='lat' dir='ltr'>largiorem</span> <span class='ocrx_word' id='word_1_523' title='bbox 1957 3202 1969 3212; x_wconf 92' lang='lat'><strong>.</strong></span> 
     </span>
     <span class='ocr_line' id='line_1_56' title="bbox 955 3227 1971 3289; baseline -0.007 -15"><span class='ocrx_word' id='word_1_524' title='bbox 955 3234 1104 3274; x_wconf 87' lang='lat' dir='ltr'>Etenim</span> <span class='ocrx_word' id='word_1_525' title='bbox 1117 3234 1316 3289; x_wconf 71' lang='lat' dir='ltr'>praedistae</span> <span class='ocrx_word' id='word_1_526' title='bbox 1337 3233 1499 3288; x_wconf 81' lang='lat' dir='ltr'>Cymbae</span> <span class='ocrx_word' id='word_1_527' title='bbox 1520 3262 1532 3282; x_wconf 85' lang='lat'><em>,</em></span> <span class='ocrx_word' id='word_1_528' title='bbox 1551 3230 1613 3273; x_wconf 90' lang='lat' dir='ltr'>seu</span> <span class='ocrx_word' id='word_1_529' title='bbox 1631 3231 1794 3273; x_wconf 72' lang='lat' dir='ltr'>lucernae</span> <span class='ocrx_word' id='word_1_530' title='bbox 1820 3227 1971 3283; x_wconf 68' lang='lat' dir='ltr'>optime</span> 
     </span>
     <span class='ocr_line' id='line_1_57' title="bbox 1823 3299 1917 3341; baseline 0.011 -16"><span class='ocrx_word' id='word_1_531' title='bbox 1823 3299 1917 3341; x_wconf 81' lang='lat' dir='ltr'>qua-</span> 
     </span>
    </p>
   </div>
   <div class='ocr_carea' id='block_1_6' title="bbox 415 2893 877 3302">
    <p class='ocr_par' dir='ltr' id='par_1_16' title="bbox 415 2893 877 3302">
     <span class='ocr_line' id='line_1_58' title="bbox 415 2893 877 3302; baseline 0 178"><span class='ocrx_word' id='word_1_532' title='bbox 415 2893 877 3302; x_wconf 95' lang='lat' dir='ltr'> </span> 
     </span>
    </p>
   </div>
   <div class='ocr_carea' id='block_1_7' title="bbox 2202 566 2206 1144">
    <p class='ocr_par' dir='ltr' id='par_1_17' title="bbox 2202 566 2206 1144">
     <span class='ocr_line' id='line_1_59' title="bbox 2202 566 2206 1144; baseline 0 0"><span class='ocrx_word' id='word_1_533' title='bbox 2202 566 2206 1144; x_wconf 95' lang='lat' dir='ltr'> </span> 
     </span>
    </p>
   </div>
  </div>
 </body>
</html>
