2206 3480
361 90 457 135 30⁶
543 79 633 132 DE
676 77 838 130 IVRE
878 74 1200 126 CONNVB.
1242 74 1463 126 INTER
1503 76 1699 130 civEs
1738 78 1917 131 RoM.
1957 61 1963 72 '

379 173 539 216 dubium
558 175 631 220 est3
656 175 733 216 siue
748 174 797 213 ab
808 173 950 213 eodem
975 172 1089 211 Patre
1111 194 1121 214 ‚
1141 169 1358 225 eademque
1374 180 1497 211 matre
1513 175 1714 228 progeniti
1728 172 1873 215 fuerint
1889 204 1899 219 ‚
1915 173 1991 216 fine
2030 178 2069 231 Α

377 233 426 274 ab
446 233 566 273 altero
578 246 732 273 eorum,
746 228 893 270 §.inter
915 227 1034 269 Instit.
1048 228 1099 267 de
1119 228 1286 281 Nuptijs
1308 227 1445 267 Aemil.
1460 228 1627 270 Prob.in
1647 231 1820 272 Prooem.
1840 232 1887 270 de
1903 236 1985 275 Vit.

377 294 477 345 lmp-
492 294 568 330 ait:
598 292 732 342 Neque
751 289 845 325 enim
857 287 1002 327 Cimoni
1014 279 1103 334 suit
1123 292 1229 335 turpe
1248 284 1519 336 Athenienstum
1539 288 1684 340 summo
1714 291 1802 327 viro
1819 287 1984 340 fluorem

373 359 585 402 germanam
600 348 639 383 in
654 345 887 383 matrimonio
896 340 1053 382 habere:
1083 350 1124 381 at
1143 341 1186 380 id
1205 342 1350 396 quidem
1371 342 1506 382 nostris
1517 344 1676 383 moribus
1690 343 1790 394 nefas
1801 343 1961 384 habetur
1974 377 1983 386 .

382 406 571 446 Romanis
586 404 717 451 vtique
733 398 882 454 semper
895 397 1135 440 detestabilis
1147 427 1156 442 ,
1182 399 1225 440 &
1238 400 1460 441 execranda
1477 400 1560 440 talis
1573 403 1803 442 coniunctio
1820 398 1891 441 visa
1907 402 1984 447 est;

380 463 552 513 ideoque
565 460 614 498 de
639 455 813 512 Caligula
836 470 914 497 non
928 466 977 503 ,vt
1001 456 1051 496 de
1070 457 1275 511 Principe,
1301 455 1363 497 sed
1385 456 1484 497 vtde
1498 459 1671 499 monstro
1686 461 1846 499 Sueton.
1865 458 1984 499 refert

383 529 544 572 cap.24.
558 516 669 569 quod
685 528 773 555 cum
785 512 983 555 sororibus
999 513 1068 554 suis
1082 513 1202 568 stupri
1213 513 1532 555 consuetudinem
1545 514 1702 556 fecerit:
1716 530 1829 561 Quem
1842 528 1988 557 etiam„

381 573 592 617 Drusillam
607 586 821 628 germanam
842 574 1022 626 Longino
1035 570 1236 612 consulari
1249 571 1486 612 collocatam
1506 571 1808 618 abduxisse,&in
1826 575 1985 614 modum

381 632 486 675 iustae
499 634 630 672 vxoris
645 630 847 684 propalam
859 626 1031 669 habuisse
1043 658 1052 673 ,
1077 640 1119 669 vt
1130 633 1240 671 etiam
1257 627 1375 669 refert
1391 629 1476 669 Dio
1487 628 1550 669 lib.
1563 640 1624 681 59.
1638 632 1853 685 eademque
1865 628 1900 671 se
1913 660 1923 675 ,
1938 644 1986 672 ac

381 690 518 733 famam
532 688 630 729 suam
642 688 890 742 turpitudine
902 684 1063 728 foedasse
1077 686 1282 727 Othonem
1297 715 1307 730 ‚
1325 685 1551 740 Xiphilinus
1562 699 1750 730 memorat
1761 720 1769 728 .
1781 687 1980 729 Plutarch.

382 750 423 791 in
440 745 633 788 Parallelis
645 743 763 785 refert
774 773 785 788 ,
807 746 1014 798 Papyrium
1029 745 1233 797 quemdam
1248 747 1465 786 Romanum
1479 747 1720 799 impatientia
1735 775 1746 790 ,
1772 747 1815 785 ὃ(
1826 747 1987 786 ardore.-

389 809 529 847 amoris
542 804 681 844 victu-m
696 802 896 842 Camillam
911 799 1080 840 sororem
1092 801 1288 854 grauidam
1302 799 1452 846 fecisse,
1477 804 1590 857 quod
1611 802 1675 843 vbi
1695 804 1883 858 Papyrius
1899 804 1987 843 To-

385 864 497 906 lucer
518 875 650 901 eorum
669 862 881 901 communis
894 868 1006 912 pater
1021 857 1195 901 resciuit2
1220 857 1343 899 ensem
1359 859 1450 900 filiae
1464 860 1563 901 misit
1575 883 1586 903 ⁷
1618 874 1699 914 quo
1713 859 1842 915 puella
1852 861 1990 914 pestus

385 917 616 963 transfodit,
636 918 856 972 eodemque
872 914 1123 967 lethigenere
1133 913 1330 956 scelestum
1345 939 1357 960 2
1373 930 1415 957 ac
1438 916 1620 958 nefarium
1635 915 1782 958 facinus
1801 916 1902 957 suum
1916 918 1990 960 Pa-

386 981 517 1034 pyrius
534 976 675 1016 deinde
687 977 881 1028 expiauit.
913 971 1032 1014 Plane
1049 986 1120 1026 per
1135 973 1392 1027 adoptionem
1407 972 1545 1015 fastam
1565 974 1748 1019 sororem,
1766 974 1989 1030 adoptione

385 1036 507 1077 soluta
522 1063 530 1077 ,
545 1047 703 1074 vxorem
729 1033 874 1072 ducere
890 1029 1144 1070 nihilvetabat
1164 1059 1174 1074 ‚
1196 1029 1219 1069 l.
1233 1035 1324 1084 quin
1339 1034 1454 1071 etiam
1467 1030 1521 1071 D.
1538 1030 1586 1070 de
1599 1032 1693 1071 Ritu
1709 1042 1818 1086 nupt.

441 1092 655 1145 Adoptiuae
672 1093 805 1144 vtique
819 1087 959 1128 sororis
973 1087 1046 1128 filia
1058 1101 1158 1128 vxor
1171 1086 1283 1133 duci,
1305 1088 1365 1127 vel
1389 1088 1592 1128 constante
1608 1087 1739 1129 adhuc
1753 1090 1989 1141 adoptione..

382 1151 495 1192 licito
508 1151 589 1188 iure
605 1158 765 1203 poterat
778 1176 787 1189 ,
821 1145 929 1200 quod
945 1160 988 1185 ea
1004 1156 1170 1200 cognata
1182 1159 1259 1186 non
1274 1144 1385 1190 effet5
1404 1145 1592 1199 siquidem
1620 1159 1693 1201 per
1703 1145 1989 1201 adoptionem..

387 1205 634 1248 contrahitur
646 1203 765 1246 solum
786 1206 974 1259 cognatio
985 1232 994 1248 ,
1007 1217 1092 1244 cum
1106 1215 1329 1257 agnatorum
1341 1206 1396 1243 ius
1412 1203 1635 1244 adiunctum
1652 1202 1786 1247 habet,
1801 1198 1903 1243 l.2.§.
1916 1215 1988 1257 pa-

385 1267 462 1305 trui
480 1264 528 1302 D.
544 1264 593 1304 de
605 1261 677 1304 suis
692 1286 703 1306 2
717 1263 871 1318 &legin
886 1262 928 1302 &
939 1260 1125 1302 Claudius
1140 1263 1233 1315 Imp.
1251 1261 1446 1300 Neronem
1461 1261 1480 1300 a
1492 1257 1575 1300 sein
1588 1260 1719 1301 locum
1733 1259 1803 1310 filij
1821 1258 1990 1314 adopta-

387 1333 466 1363 tum
481 1334 567 1361 cum
585 1321 660 1362 filia
679 1318 741 1361 sua
753 1321 920 1361 ORauia
931 1320 1176 1359 matrimonio
1191 1316 1349 1358 iunxisse
1360 1340 1370 1360 >
1393 1315 1511 1358 refert
1526 1317 1609 1357 Dio
1621 1317 1689 1359 lib.
1708 1329 1911 1369 59.verum
1924 1329 1991 1357 ne,

387 1379 509 1421 frater
523 1377 694 1419 sororem
708 1379 854 1419 ducere
865 1375 1065 1417 videretur
1077 1399 1088 1417 ‚
1117 1375 1347 1428 adoptionis
1364 1385 1588 1415 commento
1603 1372 1895 1415 necessitudinis
1906 1371 1990 1427 spe-

390 1441 466 1478 cies
483 1435 661 1478 diffoluta
675 1435 750 1477 est.
778 1433 876 1476 Inde
893 1436 1033 1475 lunoni
1065 1433 1232 1474 Odtauia
1254 1433 1274 1473 a
1301 1434 1447 1474 Seneca
1463 1442 1732 1486 comparatur:
1756 1430 1809 1473 fic
1831 1434 1869 1471 in
1888 1430 1993 1471 Tra-

392 1495 525 1550 goedia
542 1499 620 1535 eius
636 1495 798 1535 nominis
811 1491 979 1534 habetur
992 1523 1001 1532 .

737 1552 799 1591 Tu
812 1564 955 1604 quoque
967 1551 1075 1589 terris

621 1612 746 1655 Altera
761 1610 779 1649 l
782 1620 852 1648 uno
865 1636 875 1652 ,
889 1606 999 1662 soror
1013 1606 1168 1659 Augufli

625 1670 849 1719 coniuxque
852 1676 983 1717 graues
996 1668 1106 1706 vince
1115 1664 1253 1705 dolores

392 1730 442 1770 Et
461 1723 535 1767 alio
549 1725 669 1766 loco.

621 1784 766 1822 Moeret
783 1778 919 1831 infelix
931 1779 1064 1833 soror,

620 1838 827 1890 Eademque
841 1839 982 1877 coniux
996 1869 1004 1876 .

448 1899 625 1939 Fratrum
642 1924 651 1939 ,
676 1892 900 1934 sororumue
923 1892 1015 1933 filias
1033 1890 1189 1933 vxores'.⁵
1204 1892 1351 1932 ducere
1378 1890 1524 1932 licebat
1550 1893 1713 1936 nemini,
1735 1892 1786 1933 C.
1818 1889 1869 1932 de
1883 1896 1995 1943 nupt.

391 1952 425 1995 5.
439 1953 573 2009 fratris*
585 1952 705 1994 Instit.
723 1952 773 1991 de
789 1951 960 2004 nuptijs;
983 1948 1138 1990 tametsi
1155 1949 1281 1990 talium
1309 1952 1578 2004 coniugiorum
1592 1948 1691 1990 vsum
1711 1948 1863 1989 inuexit
1875 1947 1996 1986 Clau·

394 2013 482 2053 dius
497 2011 829 2065 1mp.Agrippinae
845 2008 1068 2049 Germanici
1085 2005 1211 2047 fratris
1225 2005 1274 2047 fui
1289 2006 1376 2047 filiae
1389 2021 1518 2047 amore
1532 2005 1762 2051 incensus,vt
1776 2004 1928 2060 publici
1938 2006 1997 2043 iu-

392 2074 441 2112 ris
452 2070 671 2110 velamento
688 2070 766 2106 eius
782 2068 1016 2115 matrimonii
1033 2066 1053 2105 a
1065 2062 1100 2105 se
1113 2078 1198 2104 cum
1215 2079 1257 2104 ea
1270 2063 1531 2104 contrahendi
1543 2063 1755 2119 turpitudo
1768 2072 1969 2117 tegeretur
1982 2082 1995 2104 ν

392 2125 510 2170 refert
527 2127 694 2165 Tacitus
709 2124 770 2164 lib.
781 2139 794 2165 1
805 2137 840 2165 2.
854 2123 1028 2163 Claudius
1038 2123 1206 2161 Senatum
1218 2117 1381 2177 ingraeffits
1401 2122 1582 2162 decretum
1593 2120 1756 2170 poflulat
1770 2149 1780 2165 ,
1802 2134 1874 2174 quo
1897 2117 2001 2159 iuflae

391 2188 488 2225 inter
498 2193 671 2236 patruos,
682 2180 901 2232 fratrumue
921 2179 1028 2233 filias
1057 2181 1191 2230 nuptia
1208 2182 1320 2218 etiam
1334 2191 1373 2217 m
1382 2176 1558 2230 posterum
1569 2178 1821 2218 statuerentur
1833 2207 1842 2216 .
1867 2179 1997 2217 Tran-

394 2241 530 2297 quillus
545 2244 581 2279 in
600 2237 768 2279 Claudio
782 2242 857 2278 ait:
889 2238 1016 2275 Verum
1033 2235 1204 2275 illecebris
1215 2238 1422 2287 Agrippinae
1441 2237 1650 2274 Germanici
1660 2234 1807 2285 fratris
1818 2231 1886 2287 fiss'
1899 2233 1996 2286 filiae

388 2310 457 2352 per
472 2301 526 2337 ius
541 2296 648 2350 oftuli
661 2320 672 2339 2
696 2296 742 2338 ἐφ’
758 2293 1022 2335 blanditiarum
1036 2293 1226 2345 occasiones
1242 2292 1390 2331 allel't'us
1402 2294 1442 2330 in
1453 2305 1624 2335 amorem,
1633 2291 1856 2345 subornauit
1860 2291 1998 2341 proxi-

393 2370 451 2397 mo
461 2356 593 2393 Senatu
604 2376 614 2394 ‚
631 2356 695 2406 qui
710 2360 868 2402 cogerent
883 2348 924 2405 fi'
936 2350 987 2389 ad
996 2350 1197 2389 ducendum
1212 2362 1289 2387 eam
1304 2361 1466 2387 vxorem
1477 2370 1488 2390 ‚
1509 2347 1615 2400 quast
1622 2347 1838 2398 Respublica
1850 2343 1999 2399 interef-

385 2413 445 2468 ftt
456 2436 466 2454 ‚
480 2411 665 2463 dandique
679 2412 810 2450 ceteris
826 2410 976 2446 veniam
991 2407 1118 2445 talium
1133 2405 1377 2455 coniugiorum
1388 2433 1397 2447 ,
1419 2417 1497 2456 quae
1511 2403 1564 2443 ad
1579 2403 1623 2443 id
1632 2412 1770 2455 tempus
1780 2400 1908 2451 inizsta
1923 2401 1994 2443 ha-

399 2470 577 2510 bebantur
624 2480 668 2506 ac
680 2468 757 2504 vix
770 2477 846 2502 vno
859 2461 1066 2514 interptfito
1078 2461 1187 2500 diede
1198 2460 1336 2513 nuptiis
1359 2463 1528 2510 conjecit.
1560 2463 1706 2502 Verum
1726 2463 1824 2514 Imp.
1839 2460 1999 2501 Nerua,

398 2527 525 2566 vetuit
537 2548 547 2568 ‚
567 2539 614 2564 ne
631 2520 886 2564 fraz1·umfiliae
900 2520 1151 2563 ducerentur,
1171 2533 1217 2558 ne
1232 2527 1305 2557 tam
1318 2517 1401 2558 mali
1414 2517 1583 2572 exempli
1596 2520 1786 2571 nuptiaein
1803 2515 1999 2569 posterum

402 2583 744 2637 frequentarentur
758 2602 768 2622 ‚
796 2575 915 2618 refert
931 2575 1205 2631 Xiphilinusin
1221 2575 1350 2615 Nerua
1364 2603 1374 2615 .
1402 2574 1543 2614 Eadem
1559 2571 1744 2628 flagitiosa
1767 2573 2001 2614 libidinein·

403 2645 542 2679 citatus
558 2638 767 2678 Heraclius
792 2637 883 2685 lmp.
899 2637 962 2674 cui
981 2648 1058 2673 non
1075 2633 1229 2673 aliunde
1244 2631 1283 2672 id
1297 2631 1447 2674 morbi,
1472 2631 1780 2685 quolaboraust,
1802 2643 1914 2684 quam
1944 2633 1999 2671 ob

401 2697 567 2737 illicitam
580 2710 667 2736 cum
683 2692 808 2734 fratris
823 2692 899 2732 filia
914 2692 1229 2731 coniunctionem
1244 2687 1427 2729 accidisse
1437 2689 1550 2743 vulgo
1563 2690 1755 2728 creditum
1766 2718 1775 2732 ,
1789 2687 1906 2728 tradit
1921 2688 2001 2729 Zo-
2032 2677 2084 2728 D

402 2767 531 2795 naras.
551 2749 926 2791 Acerbiffimehuius
936 2750 1088 2804 generis
1104 2751 1276 2801 nuptias,
1293 2757 1334 2786 vt
1347 2745 1509 2786 incestas
1522 2768 1533 2788 2
1564 2759 1609 2785 ac
1627 2744 1790 2786 nefarias
1805 2745 2002 2799 Impp.'A-

405 2807 580 2851 nastafius
594 2809 636 2848 ἂ
652 2808 762 2848 Zeno
778 2805 1118 2847 constitutionibus
1131 2803 1200 2845 suis
1215 2805 1466 2845 damnarunt,
1490 2803 1526 2841 in
1550 2815 1643 2858 quas
1662 2806 1775 2843 etiam
1799 2801 2000 2845 inuehitur

404 2869 443 2908 B.
461 2863 702 2908 Ambroslib
720 2870 754 2903 8.
769 2876 829 2916 ep.
857 2862 1021 2909 Sed'nec
1036 2864 1074 2901 in
1101 2860 1371 2902 concubinatu
1396 2858 1532 2898 haberi
1544 2857 1683 2899 sororis
1699 2859 1797 2904 filia,
1826 2858 1921 2900 licet
1933 2860 2000 2900 Li-

401 2926 553 2967 bertina
569 2919 709 2976 absque
723 2919 856 2960 incesti
871 2922 1030 2959 crimine
1042 2917 1207 2972 potuit,l.
1223 2919 1338 2957 etiam
1358 2915 1456 2956 D.de
1473 2919 1564 2956 Ritu
1581 2928 1690 2970 nupt.
1702 2931 1779 2958 non
1796 2916 1917 2956 modo
1933 2929 1999 2956 au-

403 2994 478 3022 tem
496 2980 638 3023 fratris,
656 2988 720 3018 aut
735 2976 873 3017 sororis
884 2976 994 3016 filiam
1009 3005 1019 3019 ,
1041 2989 1171 3015 verunt
1185 2978 1301 3015 etiam
1317 2983 1493 3028 neptem,
1519 2986 1807 3029 proneptemue
1831 2972 1997 3014 ducere·

409 3053 483 3080 non
503 3037 608 3081 licet,
619 3037 640 3076 ].
660 3034 784 3076 fratris
799 3032 919 3074 instit.
932 3033 980 3072 de
998 3034 1144 3086 nuptijs
1158 3064 1166 3071 .

460 3096 709 3134 Mortuorum
736 3089 895 3132 fratrum
931 3095 1114 3142 coniuges
1152 3088 1332 3129 fratribus
1365 3087 1629 3144 superstitibus
1649 3112 1660 3131 ,
1695 3086 1883 3128 dissolutis
1899 3115 1909 3132 ,
1936 3084 2002 3129 seu

404 3164 532 3194 morte
547 3181 556 3196 ,
572 3150 631 3191 feu
650 3149 821 3203 repudio
836 3149 1004 3201 nuptijs‚
1032 3148 1123 3185 duci
1136 3149 1231 3185 citra
1247 3145 1380 3186 incesti
1398 3147 1546 3185 crimen
1567 3159 1642 3184 non
1661 3142 1768 3199 posse
1782 3147 2004 3200 Imperato-

402 3223 484 3253 rum
501 3204 861 3250 Constitutionibus
876 3214 1047 3247 cauetur,
1067 3207 1087 3243 l.
1099 3204 1239 3243 nemini
1261 3205 1309 3243 C.
1328 3203 1379 3243 de
1391 3204 1569 3257 nuptiis:
1589 3215 1820 3258 quamquam
1837 3215 1916 3241 non
1931 3202 2004 3243 de-

1798 3257 1945 3300 fuerint

2191 2447 2196 2458 ”
2192 2347 2206 2387 ⁴12»-
2202 2321 2206 2337 ⁴
