2206 3480
494 56 1415 115 „DETRAGOEDIA0
1649 80 1745 123 231

57 158 115 212 :A
133 151 236 195 state
250 150 488 192 crediderim
503 151 744 208 respondere
767 154 1014 208 antiquorum
1042 151 1254 209 clepsydrae
1279 154 1472 210 vulgarem
1496 154 1748 198 consuetudi-

136 209 479 257 meatiuxtaefifit
491 209 676 252 habenda
690 210 917 265 magnitudo
930 209 1175 267 fabu1ae‚quae
1185 225 1257 253 nec
1268 225 1336 252 eos
1351 213 1418 267 qui
1435 212 1567 253 audifit
1578 212 1750 255 molestia

140 267 327 312 dimittat,
334 279 405 307 nec
420 264 596 310 satietate
608 267 741 321 fatiget
783 270 922 308 Tertia
934 272 1155 324 praeceptio
1167 268 1239 314 est3
1259 280 1301 310 vt
1310 269 1451 311 Fabula
1465 284 1537 311 vna
1548 268 1608 315 fit,
1621 283 1667 311 ac
1678 273 1748 312 mi-

144 328 247 364 nime
270 323 501 380 multiplex,
513 323 687 376 nempefi
701 330 808 366 vnius
822 324 989 366 hominis
1001 325 1045 365 fi't
1056 355 1066 370 ‚
1081 327 1123 366 &
1138 325 1252 367 finem
1264 325 1408 368 habeat
1418 341 1533 369 vnum
1550 329 1747 368 tantumo-

147 380 298 437 do,quo
312 380 529 425 referantur
540 380 770 426 vniuersa,&
782 385 899 422 vnico
913 382 981 423 illo
996 381 1073 424 fine
1087 381 1216 424 fabula
1230 382 1582 426 circumscribatur.
1590 386 1744 438 Qarta

147 443 282 480 cautio
298 439 366 483 est,
386 451 427 482 vt
441 443 477 482 in
492 440 620 482 fabula
631 451 762 480 omnes
776 450 908 494 partes
923 437 975 479 fic
988 439 1236 484 cohaereant,
1250 453 1431 497 aptaeque
1444 441 1519 484 sint
1530 445 1633 482 inter
1642 439 1739 484 se‚vt

149 509 226 537 vna
237 510 329 552 pars
339 498 426 539 tolli
441 512 519 538 non
536 508 673 552 queat,
690 499 782 551 quin
799 508 884 539 tota
900 494 1421 551 compositio-perturbetur,
1443 513 1517 540 nec
1528 497 1735 553 episodia„

147 551 212 596 feu*
226 552 479 609 dsgrefliones
491 554 632 596 tabulae
647 551 942 610 affinguntur,-vt
957 566 1106 608 corpus
1116 553 1224 607 quali
1238 560 1500 607 coagmentari
1513 557 1693 597 videatur
1704 585 1715 598 .

168 632 186 654 2,
206 611 306 653 Haec
319 612 546 666 Tragoediae
558 626 648 667 pars
658 640 668 656 ‚
684 625 770 668 qzuae
783 614 822 652 in
834 609 1061 665 effingendis
1072 608 1257 665 personis,
1269 624 1477 667 earumque
1489 613 1662 653 moribus
1678 627 1745 654 ex·

142 668 557 726 priinendisversatu-r,
569 670 674 723 'picta
681 684 732 711 rae
742 668 898 710 smiilem
909 666 1077 709 fabulam
1087 665 1200 711 facit,
1213 678 1261 708 vt
1273 667 1399 709 docet
1413 669 1570 710 Aristot.
1584 682 1674 724 cap.
1684 684 1699 711 1
1708 684 1746 712 2.

143 727 203 768 de
215 725 396 767 Moribus
409 739 537 782 prope
549 726 664 769 finem
678 726 778 767 :duo
792 727 893 766 enim
904 729 942 766 in
955 726 1104 777 pistura
1117 727 1204 766 sunt
1216 725 1462 767 Lineamenta
1473 748 1484 769 ›
1502 727 1545 767 &
1559 725 1746 767 Colores:

145 781 217 826 sed
229 788 320 839 quia
330 785 368 824 in
381 783 627 825 lineamentis
639 782 874 823 videturesse
886 782 1017 837 pofita
1029 782 1168 823 summa
1180 783 1341 833 pisturae
1354 785 1408 824 vis
1423 812 1435 828 ,
1448 783 1491 824 &
1505 781 1742 825 artificium,

146 843 339 896 primum,
351 839 611 882 secundumin
625 839 827 881 coloribus
845 843 944 895 aptis
956 840 998 881 δε
1013 841 1127 890 varijs
1137 870 1146 879 .
1165 839 1266 881 Cum
1278 839 1519 881 lineamentis
1529 837 1684 882 confert
1698 838 1748 883 fa.

149 897 282 939 bulam
297 920 308 941 ‚
320 911 406 953 quae
415 900 538 940 anima
554 895 785 952 Tragoediae
798 896 851 938 est
863 912 872 942 ;
886 912 973 938 cum
985 896 1186 940 coloribus
1200 910 1345 942 mores,
1361 901 1426 952 qui
1441 896 1653 939 secundum
1670 897 1743 937 ob-

149 954 418 996 tinentlocum
429 985 438 996 .
455 955 594 996 Debet
606 965 821 1011 propterea
829 959 992 996 maxime
1002 954 1173 996 aestimari
1188 954 1271 995 haec
1281 967 1390 1010 pars;
1404 957 1557 1010 quippe
1565 967 1651 1010 quae
1664 968 1740 1009 po-

42 996 85 1049 Β
151 1021 219 1054 nat
230 1011 299 1053 sub
313 1010 715 1067 oculosspectatorum
731 1009 980 1067 personarum
992 1023 1081 1053 vota
1092 1042 1102 1057 ‚
1116 1011 1294 1054 confilia›
1308 1010 1589 1053 eonsuetudine
1604 1035 1616 1055 ²
1632 1011 1749 1052 indo-

148 1068 237 1114 lem,
248 1072 441 1124 ingenium
453 1085 467 1114 ;7
480 1083 525 1111 ac
541 1079 678 1110 natura
691 1083 767 1109 non
783 1068 1016 1123 intelligatur
1028 1070 1162 1111 modo,
1177 1066 1241 1110 sed
1256 1067 1433 1122 conspici
1448 1067 1748 1124 quodammodo

147 1127 348 1172 videatur.
368 1129 411 1169 In
432 1126 662 1181 Hippolyto
676 1133 776 1167 enim
788 1125 1042 1168 adolescentis
1061 1126 1215 1182 pudici,
1229 1124 1370 1168 seueri,
1387 1126 1611 1180 voluptates
1622 1125 1749 1180 asper-

147 1185 275 1226 nantis
288 1213 298 1229 ‚
321 1185 512 1238 ingenium
523 1182 612 1239 ipsis
630 1184 919 1238 propemodum
936 1185 1281 1227 oculisintuemur;
1310 1185 1348 1222 in
1377 1182 1541 1224 Phaedra
1553 1186 1749 1226 animum.»

146 1241 320 1283 foeminae
333 1243 577 1294 impotenter
590 1244 747 1282 amantis
757 1255 768 1286 3
780 1243 818 1281 in
834 1239 993 1281 Theseo
1004 1242 1099 1282 iram
1110 1270 1121 1286 ‚
1149 1241 1228 1280 &c.
1242 1243 1285 1281 In
1299 1240 1470 1280 moribus
1481 1251 1650 1295 quatuor
1662 1238 1748 1295 spe-

145 1298 290 1342 &anda
305 1301 358 1338 ait
368 1296 600 1338 Aristotoles
611 1327 620 1342 ‚
632 1311 672 1338 vt
687 1298 829 1343 Probi,
852 1308 894 1338 vt
904 1300 1218 1343 Conuenientes,
1237 1297 1457 1343 vtSimiles,
1484 1308 1526 1339 vt
1539 1297 1740 1353 Aequabi-

142 1357 200 1398 {es
219 1355 312 1398 fint.
339 1356 546 1408 Qantum
560 1356 610 1397 ad
623 1359 788 1410 primum
799 1366 840 1397 vt
850 1369 976 1397 mores
991 1355 1065 1398 fint
1079 1354 1213 1411 probi,
1248 1367 1327 1394 non
1351 1369 1462 1408 aeque
1483 1358 1520 1395 in
1535 1368 1666 1396 omnes
1679 1352 1748 1395 sed

143 1416 184 1455 in
201 1427 282 1453 eam
298 1412 730 1467 caiithfecpraeceptio
741 1411 944 1467 personam
957 1441 968 1457 ‚
991 1427 1077 1468 quae
1092 1415 1307 1467 principem
1323 1414 1359 1451 in
1376 1413 1600 1466 Tragoedia
1615 1411 1749 1453 locum

145 1470 329 1513 obtinet,
349 1483 517 1525 quaeque
530 1481 681 1510 certum
693 1472 882 1524 impertiri
891 1469 992 1511 solet
1003 1469 1141 1511 fabuiae
1154 1481 1294 1510 nomen
1309 1482 1319 1509 t
1345 1471 1526 1524 adeoque
1537 1469 1606 1512 nifi
1617 1469 1748 1523 proba

145 1528 197 1571 fit
208 1557 217 1571 ,
239 1540 316 1568 non
328 1531 478 1583 poterit
503 1525 720 1568 huiusmodi
733 1526 910 1569 affestum
926 1528 1039 1568 animi
1049 1539 1298 1582 permouerea
1314 1526 1424 1580 quem
1436 1526 1682 1581 propositum
1696 1527 1748 1567 ad

146 1585 460 1640 permouendum
475 1584 596 1625 habet
611 1584 758 1625 Poeta:
791 1597 865 1625 nec
891 1584 1001 1625 vllam
1021 1585 1042 1624 a
1061 1584 1177 1625 nobis
1197 1583 1493 1638 extorquebunt
1506 1582 1749 1625 commiseraa

145 1646 298 1685 tionem
316 1640 487 1695 improbi
501 1639 727 1684 calamitosi,
740 1655 839 1697 quos
856 1641 1099 1696 intelligimus
1113 1656 1157 1682 ea
1171 1640 1390 1681 calamitate
1403 1640 1479 1680 esse
1498 1638 1747 1695 digniffimos.

146 1702 443 1742 Conuenientes
459 1698 606 1739 debent
616 1696 788 1742 secundo
803 1697 875 1738 effe
891 1711 1015 1739 mores
1026 1721 1036 1741 ‚
1047 1698 1127 1739 hoc
1140 1697 1193 1738 est
1207 1708 1468 1750 congruentes
1481 1726 1491 1741 ,
1505 1696 1751 1753 responden-v

146 1765 206 1798 tes
220 1754 420 1811 personae,
435 1760 498 1795 cui
512 1755 758 1796 tribuuntur:
784 1754 980 1796 fortitudo
994 1758 1094 1796 enim
1113 1756 1156 1797 δε
1173 1752 1382 1810 prudentia
1398 1756 1439 1794 in
1456 1752 1622 1795 foeminis
1639 1755 1749 1793 mini-

75 1833 123 1883 Ε
146 1827 208 1854 me
218 1816 459 1854 conueniunt
469 1827 481 1857 ;
493 1813 535 1852 &
547 1812 749 1854 iuuenibus
762 1815 892 1868 aliqua
905 1821 1141 1868 congruunt,
1160 1813 1182 1852 a
1196 1810 1339 1867 quibus
1355 1809 1563 1854 abhorrent
1581 1811 1748 1856 sena&

147 1869 318 1912 {imiliter
333 1869 382 1911 de
393 1869 500 1920 alijs:
531 1869 730 1914 Aristoteli
745 1871 963 1911 concinens
981 1870 1121 1911 Horat.
1134 1868 1222 1911 haec
1237 1867 1466 1924 perstrinxit
1482 1900 1493 1912 0

376 1931 515 1979 Aetatis
526 1925 696 1982 cuiusque
706 1927 860 1968 notandi
872 1924 966 1982 fiant
978 1927 1049 1967 tibi
1058 1939 1173 1967 mores
1188 1955 1199 1971 ,

249 2040 269 2083 f
381 1987 439 2026 M
442 1983 665 2042 obilibusque
675 1984 780 2027 decor
788 1987 933 2026 naturis
945 1983 1088 2029 dandus
1095 2005 1109 2028 ‚
1121 1984 1169 2028 &¹
1179 1983 1288 2023 annis
1301 2009 1313 2027 2

149 2043 245 2084 Etin
264 2057 328 2084 ra.
470 2063 473 2066 ·

660 2106 707 2144 N
708 2118 727 2144 e
733 2101 840 2155 Jbrte
850 2101 983 2159 seniles

381 2162 439 2199 M
440 2160 623 2200 andentur
631 2162 758 2200 iuueni
768 2169 895 2214 partes
908 2183 919 2204 ²
935 2170 1122 2214 pueroque
1133 2158 1264 2200 viriles
1280 2189 1290 2199 .

150 2214 311 2271 Egregie
326 2216 559 2258 Terrentius
571 2216 800 2272 complexus
814 2220 913 2259 varia
930 2213 1178 2272 personarum
1191 2229 1331 2271 genera
1349 2213 1361 2255 .’

378 2275 497 2314 Bonas
504 2283 691 2315 matronas
693 2272 826 2326 facere
836 2303 848 2319 ,
868 2275 1070 2315 meretrices
1082 2273 1196 2314 malas
1207 2302 1219 2318 ‚

375 2331 578 2386 Parasitum
589 2330 747 2375 edacem,
757 2330 952 2386 gloricffirm
964 2331 1114 2372 militem
1129 2360 1139 2376 ‚

376 2388 532 2428 Puerum
542 2387 706 2444 fiapponi
715 2410 725 2431 ‚
732 2385 831 2439 salli
836 2398 905 2440 per
919 2387 1070 2442 seruum
1082 2385 1209 2442 senem
1223 2410 1237 2432 ›

373 2450 532 2490 Amare,
556 2443 660 2502 odiffe
672 2441 874 2500 ,fhspicari
889 2477 898 2486 .

150 2503 296 2542 Tertio
308 2511 495 2556 vtsmores
505 2502 642 2545 fimiles
652 2502 733 2546 snit,
743 2516 793 2544 ex
806 2502 1034 2550 Aristotele;
1047 2502 1185 2559 nempe
1198 2500 1223 2542 fi
1233 2500 1364 2543 formae
1373 2523 1385 2544 2
1400 2500 1658 2556 opinionique
1669 2502 1742 2543 iam

150 2556 201 2597 de
213 2557 379 2614 persona
396 2558 559 2613 vulgatae
572 2562 676 2599 omni
691 2573 739 2599 ex
752 2569 864 2613 parte
879 2558 1194 2614 respondebunt,
1214 2570 1333 2613 atque
1356 2557 1459 2598 illum
1482 2570 1593 2612 agere
1619 2555 1745 2600 sciunt

151 2614 316 2656 vniuerfi
328 2647 338 2657 .
370 2617 537 2656 Norunt
549 2613 700 2655 scilicet
712 2629 844 2655 omnes
856 2616 1053 2658 Achillem
1069 2614 1356 2670 implacabilem
1369 2612 1515 2668 semper
1532 2613 1605 2655 csse
1615 2644 1625 2659 ,
1651 2615 1747 2671 Vly-

151 2666 242 2710 ss'em
254 2671 434 2718 astutum,
461 2675 543 2714 διο.
560 2674 645 2713 Nec
660 2672 769 2713 aliter
793 2671 924 2727 effingi
946 2671 1102 2726 possunt
1124 2686 1194 2728 per
1206 2673 1367 2713 Poetam
1378 2671 1418 2712 hi
1433 2684 1581 2718 moreS,
1608 2672 1743 2728 quales

151 2725 256 2769 fuiffc
269 2730 342 2769 iam
358 2725 453 2770 fama
467 2732 656 2784 vulgauit:
671 2730 755 2769 lure
769 2729 884 2783 igitur
900 2730 1043 2770 Horat.

376 2792 453 2828 Aut
465 2784 614 2837 fimam
627 2785 780 2842 sequere
790 2815 801 2831 ‚
818 2785 961 2839 autfibi
973 2788 1222 2827 conuenientia
1234 2785 1358 2843 finge.

377 2842 537 2895 Scriptor
547 2843 767 2884 honoratum
772 2844 816 2897 si
815 2843 921 2895 sorte
929 2846 1072 2895 reponis
1083 2843 1257 2884 Achillem
1269 2858 1281 2889 ;

381 2900 539 2951 Impiger
554 2928 564 2943 ,
587 2900 783 2940 iracundus
797 2924 808 2944 ,
822 2899 1063 2941 inexorabilis
1073 2930 1082 2945 ‚
1099 2914 1201 2946 acer;

381 2956 436 2995 Sit
449 2956 593 2996 M'edea
600 2954 724 3006 ferox
737 2985 747 3001 ,
766 2958 976 3011 inuiflaque
989 2987 998 3001 ,
1019 2955 1153 3013 flebilis
1165 2961 1234 3000 Ino
1246 2988 1259 3006 ‚

377 3011 542 3068 Perfidus
553 3015 667 3053 Ixion
681 3037 691 3056 ‚
706 3015 726 3051 I
728 3028 747 3052 o
757 3024 854 3065 vaga
866 3042 875 3057 ‚
890 3010 996 3063 trstis
1008 3013 1149 3054 Orestes
1158 3047 1168 3057 .

149 3070 309 3122 Quarto
326 3069 496 3125 denique
510 3082 635 3110 mores
653 3069 861 3124 aequabiles
872 3069 947 3111 effe
963 3082 1154 3126 oportere
1169 3071 1270 3118 ;hoc
1284 3073 1339 3116 est
1347 3072 1509 3115 eundem
1521 3073 1670 3129 semper
1679 3072 1746 3114 ha-

149 3126 245 3166 bere
255 3137 434 3169 tenorem
446 3151 457 3170 ,
476 3140 522 3167 ac
536 3126 692 3167 modum
705 3156 714 3171 ,
734 3140 848 3182 quem
861 3130 974 3168 initio
991 3125 1239 3183 susceperunt
1254 3160 1264 3176 ‚
1287 3146 1334 3172 ne
1345 3133 1365 3172 a
1379 3129 1414 3171 se
1431 3129 1517 3185 ipsis
1531 3130 1753 3186 paulatim-‚¹

148 3183 371 3226 discordare
382 3184 586 3227 videantur
596 3198 607 3230 ς
624 3184 667 3227 &
685 3198 798 3240 quem
811 3186 1040 3228 iracundum
1051 3183 1162 3228 semel
1177 3187 1386 3233 effluxu-ris,
1404 3201 1519 3242 quem
1529 3187 1742 3245 placidum,

1189 3247 1222 3288 F
1230 3241 1252 3285 f
1417 3257 1443 3287 2
1599 3259 1719 3302 quem

1776 615 1881 645 Mores„
