2206 3480
411 89 518 143 DE
569 82 949 143 THERMIS
997 81 1144 141 SEV
1192 80 1566 142 BALNEIS·
1695 110 1791 154 315·

117 192 155 246 Α
187 189 284 233 didit
295 185 342 232 (θ’
358 186 472 228 oleum
483 181 682 226 luminibus
693 180 962 226 Thermarum,
975 193 1054 224 cum
1066 189 1178 223 antea
1185 194 1260 222 non
1272 191 1359 223 ante
1365 195 1540 226 auroram
1545 192 1718 236 paterent
1730 216 1740 230 ,
1757 187 1805 231 &a

182 257 270 290 ante
269 246 361 302 fiilis
380 243 539 299 occasum
551 240 806 283 clauderentur
819 272 828 282 .
857 239 935 281 Sed
953 239 1124 281 Tacitus
1138 237 1266 283 Caesar
1279 243 1439 283 austere
1452 244 1516 285 Vo
1521 240 1585 294 pis
1581 257 1629 282 eo
1642 257 1649 285 ;
1670 246 1801 283 Denuo

184 304 369 346 Thermas
379 315 498 343 omnes
508 310 596 341 ante
606 299 790 340 lucernam
801 296 922 338 claudi
927 292 1044 352 iufflt,
1065 310 1112 338 ne
1129 297 1225 352 quid
1232 310 1299 349 per
1315 300 1456 339 nobilem
1470 298 1665 353 seditionis
1680 304 1798 341 orire-

184 372 266 403 tur.
296 364 507 417 Apparent
519 357 654 399 harum
669 356 820 411 vestigia
834 354 964 411 prope
976 355 1159 407 templum
1183 358 1218 398 S.
1234 356 1431 398 Ludouici
1447 361 1614 397 nationis
1630 358 1799 400 Gallica-

187 433 244 461 nae
259 424 296 460 in
312 419 462 459 aedibus
478 417 675 456 Mediceis
689 414 740 454 ad
751 416 911 455 Circum
923 412 1091 452 eiusdem
1107 413 1339 457 Alexandri,
1352 414 1474 454 hodie
1490 415 1712 457 Nauonium
1729 449 1737 457 .

245 481 363 520 Erant
376 475 561 516 Thermae
577 467 901 514 Domitianae,seu
921 471 1122 513 Traianae.
1149 468 1213 510 sed
1235 474 1273 511 in
1287 471 1452 515 Palatio,
1482 471 1531 512 de
1547 473 1687 528 quibus
1706 471 1796 513 Plu·
1843 498 2056 537 mmmmm

188 535 315 576 tarch.
334 535 371 573 in
388 529 540 586 Poplic.
556 528 615 569 his
633 527 783 569 verbis:
804 528 844 567 Si
852 529 890 566 in
904 528 1112 567 Domitiani
1119 527 1223 566 domo
1232 528 1389 568 videant
1401 532 1606 575 Particum,
1619 531 1686 571 vel
1694 528 1795 583 Βαβ1
1820 540 1968 572 Traiana.

189 592 319 634 licam,
344 588 612 629 velBaelneum,
637 585 713 627 &a
741 589 884 629 Verum
903 581 1177 624 Ficclefiasticae
1188 584 1356 626 historiae
1376 586 1425 626 de
1446 585 1577 628 sansto
1598 587 1794 643 Syluestro

189 649 374 689 tradunt:
403 647 494 686 Eum
518 643 702 697 Ecclesiam
717 639 841 699 seciffie
863 641 910 684 ὠ*
924 637 1129 692 constitusse
1150 642 1267 680 iuxta
1284 641 1466 681 Thermas
1490 645 1678 687 ‘Traianas
1699 646 1795 685 alias

187 708 295 747 aiunt
307 705 556 744 Domitianas.
589 697 725 741 Rursus
743 699 792 739 de
804 698 969 739 eodem:
990 696 1160 738 Titulum
1178 696 1291 752 ficum
1313 695 1522 757 constituiffi²
1541 705 1654 742 iuxta
1670 702 1793 741 Ther-

185 775 264 803 mas
277 763 530 803 Domitianas,
551 771 630 813 quae
647 759 944 807 cognominantur
963 752 1141 799 Traiana
1153 787 1163 796 .
1190 753 1331 796 Rursus
1353 769 1362 797 :
1388 757 1590 798 Concilium
1606 756 1789 814 celebraffe

185 822 300 861 iuxta
317 816 739 858 ThermasDomitianas
753 845 761 854 .
795 811 950 853 Titulus
969 823 1094 854 autem
1107 813 1323 868 illeEquitij
1342 811 1466 856 distus
1481 813 1554 858 est,
1580 828 1661 870 quo
1690 810 1794 855 aedes

184 876 304 919 sanCti
321 876 478 916 Martini
490 877 526 914 in
543 870 750 912 Montibus
763 868 881 909 hodie
896 869 1114 924 insignitur,
1131 868 1323 926 certisque
1340 870 1507 924 vestigiis
1520 870 1635 913 sancti
1659 873 1800 912 Ponti-

185 934 277 977 ficis
288 935 509 975 memoriam
522 928 695 985 designat
706 956 717 974 ,
733 929 822 969 &in
836 927 1045 983 Templum
1064 929 1270 970 conditum
1283 932 1390 971 iuxta
1403 929 1595 971 Thermas
1611 930 1796 975 Traiani,

190 1006 240 1034 ex
255 988 454 1032 Anastasio
467 1017 477 1027 .

126 1028 167 1078 B
240 1046 426 1089 Thermae
438 1047 675 1087 Antonianae
691 1042 978 1087 suntomnium,
1009 1058 1095 1100 quae
1114 1045 1252 1087 Romae
1264 1044 1386 1088 essent
1401 1043 1641 1087 nobiliffimae
1658 1048 1694 1086 in
1713 1047 1793 1090 Re·
1824 1049 1992 1082 Antinianae

184 1109 302 1162 gione
314 1101 635 1145 decima.Piscinae
651 1099 841 1156 publicae,
860 1103 959 1141 inter
974 1103 1213 1145 Auentinum
1227 1133 1236 1148 ,
1266 1103 1309 1144 δε
1336 1102 1506 1145 Coelium
1520 1135 1529 1145 .
1564 1107 1791 1158 Spartianus

184 1168 223 1204 in
241 1167 389 1206 Seuero
405 1163 549 1215 inquit:
582 1158 758 1200 Vixitdiu
771 1160 810 1196 in
821 1158 901 1198 odio
911 1160 1042 1210 Populi
1061 1163 1289 1205 Antoninus,
1320 1165 1489 1216 quamuis
1511 1161 1559 1203 ὠ·
1578 1158 1792 1207 vestimenta

186 1221 323 1273 Populo
337 1218 501 1264 dederit,
521 1216 624 1257 vnde
631 1215 842 1258 Caracallus
853 1215 906 1255 eft
914 1215 1049 1260 dietus,
1065 1216 1303 1260 &Thermas
1313 1214 1678 1273 magnficentifflmas
1686 1216 1792 1268 fece-

186 1281 257 1319 rit.
271 1280 321 1319 Et
336 1276 439 1316 idem
452 1276 675 1330 Spartianus
687 1276 723 1313 in
740 1273 819 1313 vita
831 1273 1246 1316 AntoniniCaracallae
1261 1277 1415 1330 inquit:
1444 1274 1624 1317 Thermas
1636 1276 1794 1315 nominis

174 1335 243 1392 fiii
251 1335 411 1374 eximias
419 1357 431 1377 ‚
442 1343 600 1387 quarum
612 1330 737 1371 cellam
739 1328 919 1385 sblearem
928 1330 1132 1372 Architei'ii
1141 1341 1274 1384 negant
1285 1328 1374 1388 ooff}
1381 1332 1462 1372 vlla
1475 1334 1693 1375 imitatione,
1713 1344 1788 1387 qua

171 1391 287 1445 sabia
296 1390 350 1431 eft
363 1420 373 1435 ‚
381 1389 497 1444 fieri.
523 1391 630 1428 Nam
651 1387 697 1431 ό·
719 1399 772 1428 ex
780 1400 871 1431 are,
889 1387 1082 1441 veicupro
1105 1390 1253 1429 cancelli
1272 1388 1493 1444 superpositi
1516 1385 1577 1446 eff}
1590 1389 1765 1429 dicuntur
1778 1411 1792 1432 ‚

185 1449 320 1505 quibus
331 1449 526 1487 cameratio
536 1453 615 1484 tota
626 1444 831 1484 concredita
844 1442 890 1495 est
901 1473 911 1489 ‚
933 1443 981 1489 (φ
994 1455 1139 1485 tantum
1155 1444 1326 1500 eflspatg‘j
1335 1476 1344 1491 ‚
1363 1456 1410 1486 vt
1422 1446 1466 1487 id
1480 1447 1596 1501 nusum
1616 1445 1710 1501 fieri
1729 1459 1794 1485 ne-

180 1515 269 1560 gent
274 1500 423 1561 potuzffe
432 1503 531 1543 docti
544 1505 594 1541 M
600 1500 766 1542 echanici
772 1533 781 1542 .
798 1501 897 1541 Idem
911 1504 1017 1542 viam
1027 1515 1160 1543 nouam
1173 1506 1344 1547 muniuit,
1358 1517 1436 1557 quae
1447 1503 1578 1558 efljub
1588 1506 1664 1547 eius
1674 1501 1797 1542 Ther-

187 1566 274 1606 mis,
289 1563 513 1604 Antonianis
516 1557 676 1614 scilicet,
705 1572 779 1613 qua
798 1557 989 1610 pulchrius
1003 1562 1100 1599 inter
1111 1562 1296 1600 Romanas
1310 1561 1454 1613 plateas
1473 1575 1546 1601 non
1559 1559 1679 1612 facile
1693 1562 1799 1615 quic-

185 1632 299 1675 quam
312 1621 478 1658 inuenias
491 1649 499 1657 .
525 1615 667 1657 Refert
685 1616 733 1656 de
748 1616 943 1671 praedistis
960 1615 1141 1657 Thermis
1157 1618 1499 1673 olympiodorus:
1533 1616 1739 1658 Habebunt
1758 1618 1800 1657 in

185 1675 295 1733 vfiim
307 1672 633 1729 lauantiumsbllas
659 1673 756 1714 mille
759 1673 957 1728 ftxcentas
974 1673 994 1714 ὲ
1009 1674 1126 1727 polito
1140 1688 1321 1715 marmore
1337 1674 1469 1727 filias
1483 1705 1492 1714 .
1529 1676 1613 1715 Has
1629 1673 1798 1729 postea..-

186 1744 345 1775 ornatas
359 1732 409 1773 ab
424 1730 707 1787 Heliogabalo,
732 1733 847 1772 etiam
873 1730 1099 1773 Alexander
1111 1761 1122 1776 ‚
1139 1732 1250 1786 quod
1272 1731 1391 1772 refert
1405 1731 1651 1787 Lampridius
1667 1729 1800 1786 perfe-

188 1794 299 1832 cit&
311 1793 485 1830 ornauit.
508 1791 643 1829 Earum
660 1787 988 1842 Ichnographiam
1003 1802 1051 1828 ex
1060 1787 1137 1831 his,
1164 1801 1251 1844 quae
1269 1786 1468 1844 supersunt
1494 1792 1691 1845 parietinis
1707 1800 1799 1843 per-

119 1859 166 1910 C
187 1848 405 1903 uestigatam
423 1845 562 1887 Serlius
584 1844 837 1887 Architedius
857 1843 1086 1896 descripfit:
1107 1843 1337 1901 asseruitque
1366 1844 1580 1904 symmetria
1604 1849 1797 1901 partium-

187 1904 580 1962 quedimenfionibus
602 1901 676 1943 effe
699 1906 891 1947 omnium,
916 1917 1003 1958 quae
1017 1914 1153 1944 extant
1174 1903 1456 1957 pulcherrimas
1476 1933 1483 1941 .
1510 1903 1590 1947 Vbi
1604 1902 1797 1946 sanemul-

185 1975 230 2006 to
244 1967 365 2004 maior
381 1960 585 2016 inspicitur
597 1960 761 2002 ambitus
775 1984 786 2004 2
805 1975 920 2016 quam
934 1959 1073 2002 stantes
1086 1960 1260 2014 reliquiae
1271 1960 1558 2004 demonstrant.

241 2025 287 2064 In
301 2019 481 2061 Viminali
497 2018 690 2060 Thermas
701 2019 978 2060 Diocletianas
992 2020 1162 2058 omnium
1179 2018 1338 2059 maxime
1360 2018 1528 2072 integras
1556 2017 1697 2071 religio
1719 2016 1795 2058 ser·
1820 2039 2002 2073 Diam-„nh

184 2082 313 2122 uauit,
344 2090 384 2118 vt
397 2079 691 2117 verterenturin
707 2075 896 2130 templum
911 2097 923 2116 ²
946 2075 1056 2127 quod
1081 2084 1223 2127 praeter
1241 2085 1404 2115 caeteros
1430 2076 1492 2128 pie
1506 2105 1516 2119 ‚
1546 2075 1797 2131 eruditeque..

187 2133 408 2176 obseruauit
422 2132 543 2174 Card.
558 2133 703 2172 Baron.
716 2141 850 2172 tom.2.
867 2130 1008 2173 Annal.
1019 2137 1114 2180 298.
1129 2130 1361 2173 Diocletiani
1379 2145 1394 2172 1
1409 2146 1442 2183 5.
1457 2133 1555 2176 Nam
1572 2133 1794 2175 Diocletia-

186 2206 256 2232 nus
275 2191 394 2232 hostis
410 2189 620 2230 Christiani
645 2190 812 2228 nominis
828 2186 1083 2230 infestissimus
1106 2187 1258 2244 aliquot
1279 2190 1440 2230 militum
1457 2189 1799 2232 Christianorum..

185 2249 300 2291 millia
314 2272 325 2291 ‚
347 2262 446 2303 quos
462 2261 549 2287 cum
561 2247 769 2300 ignominia
792 2256 1114 2291 exautorauerat‚
1141 2249 1426 2301 mancipiorum
1441 2247 1554 2289 instar
1568 2247 1802 2290 aedificatio·

184 2310 224 2347 ni
239 2305 462 2347 destinauit:
483 2301 743 2358 perfestoque
758 2301 928 2345 aedificio
938 2304 1131 2345 trucidari
1144 2301 1262 2349 iuffit,
1283 2317 1450 2361 quorum
1463 2319 1638 2361 corpora
1650 2306 1686 2345 in
1701 2316 1799 2347 tem-

181 2364 256 2420 plo
270 2365 319 2403 ad
339 2368 471 2418 Aquas
486 2363 627 2403 Saluias
642 2360 803 2401 condita
819 2359 919 2402 sunt.
954 2360 1153 2416 Superfuit
1172 2375 1266 2416 ergo
1289 2363 1377 2416 post
1405 2373 1468 2403 tot
1492 2360 1703 2405 [ecuiailia
1715 2378 1800 2404 mo·

183 2423 259 2466 les,
277 2431 316 2461 vt
333 2419 482 2461 demum
498 2421 566 2460 Pio
581 2420 742 2474 Qarto
756 2420 868 2459 Pont.
885 2418 990 2459 Max,
1005 2420 1156 2474 Virgini
1171 2418 1412 2473 Angelorum
1439 2420 1623 2464 Dominae
1653 2419 1792 2463 conse-

186 2489 361 2521 cratetur
378 2493 388 2524 ;
413 2481 485 2518 iam
501 2487 588 2518 ante
603 2487 715 2518 tanto
732 2477 961 2518 sanctorum
973 2473 1112 2518 sudore
1125 2498 1138 2521 2
1161 2490 1204 2518 ac
1230 2475 1409 2530 sanguine
1421 2476 1648 2519 consecrata
1664 2509 1674 2518 .
1708 2481 1790 2520 Ve-

187 2550 271 2577 rum
283 2536 349 2575 illa
362 2539 534 2590 quamuis
548 2533 669 2574 hodie
682 2548 816 2588 magna
828 2557 840 2578 ‚
863 2533 1047 2588 quantula
1056 2547 1147 2589 pars
1163 2533 1421 2576 Thermarum
1433 2534 1531 2577 fuit?
1547 2536 1717 2575 Fuerunt
1737 2536 1795 2576 ibi

187 2598 227 2634 in
242 2592 339 2634 vsum
353 2593 558 2633 lauantium
578 2590 688 2634 solia,
714 2589 887 2646 sellaeque
905 2590 1102 2646 plusquam
1114 2592 1189 2632 tria
1206 2594 1331 2633 millia,
1351 2590 1518 2633 altiffimi
1535 2590 1719 2635 fornices,
1730 2606 1795 2632 ca..

187 2654 419 2692 metationes
431 2679 441 2694 ,
458 2648 721 2704 hemilphaeria
733 2677 744 2693 ,
777 2648 983 2688 testudines
996 2671 1007 2691 ‚
1033 2652 1232 2703 porticus,
1260 2647 1445 2689 latiffimae
1470 2663 1569 2690 areae
1582 2646 1795 2692 subdiales:

123 2695 176 2749 D
189 2709 335 2762 aliaque
347 2706 596 2750 admirabilia,
611 2719 696 2761 quae
713 2706 748 2744 in
767 2719 893 2746 earum
907 2705 1190 2759 ichnographia
1204 2716 1510 2760 proponuntur:
1527 2707 1569 2747 &
1585 2720 1689 2747 nunc
1702 2705 1798 2749 hor.

187 2777 252 2807 tos
267 2793 276 2808 ‚
298 2764 440 2804 horrea
453 2764 635 2817 publica,
658 2762 739 2803 duo
765 2762 976 2804 Coenobia
994 2761 1326 2804 Carthufienfium
1346 2793 1354 2807 ‚
1384 2763 1427 2805 &
1455 2763 1799 2806 Cistercienfium..

186 2822 385 2865 strictioris
401 2820 612 2874 disciplinae
624 2851 633 2865 ‚
659 2822 749 2861 item
760 2824 887 2861 vineta
900 2849 909 2864 ‚
926 2819 1075 2873 plateas
1089 2817 1338 2874 ampli-[fimas
1357 2822 1526 2875 capiunt
1541 2853 1549 2861 .

244 2882 363 2920 Erant
373 2889 561 2933 praeterea
575 2879 642 2918 hic
665 2879 804 2919 Romae
819 2877 898 2918 aliae
909 2877 1094 2919 Thermae
1108 2877 1271 2932 iufignes
1290 2908 1299 2923 ‚
1329 2879 1371 2919 &
1395 2877 1569 2931 spatiosae
1586 2878 1728 2934 nempe
1745 2880 1802 2919 A-

187 2937 335 2978 driani,
366 2935 532 2990 Philippi
547 2964 556 2979 ‚
578 2935 844 2989 Heliogabali,
873 2935 1130 2977 Aureliani&
1145 2938 1282 2976 Taciti
1298 2939 1584 2990 Imperatorum
1599 2960 1609 2979 ‚
1642 2938 1693 2976 de
1715 2938 1802 2990 qui·

189 2992 348 3035 buslate
367 2990 578 3044 scriptores
594 2991 782 3032 retulere.
807 2995 953 3034 Praeter
965 2993 1110 3033 Balnea
1128 2993 1289 3046 publica
1302 3022 1312 3037 ,
1341 2995 1382 3035 ὃ(
1407 2995 1562 3048 priuata
1577 3003 1686 3033 erant
1702 3007 1803 3047 quo·

192 3066 268 3107 que
280 3048 435 3092 Piscinae
451 3048 618 3105 publicae
635 3052 878 3105 priuataeque
891 3053 930 3090 in
947 3049 1131 3092 domibus
1146 3049 1195 3090 ad
1209 3051 1438 3093 natandum.
1451 3053 1629 3104 Qarum
1645 3064 1717 3090 vna
1731 3050 1802 3090 de-

195 3109 251 3149 dit
267 3122 407 3149 nomen
424 3110 591 3162 Regioni
603 3138 612 3146 .

253 3164 576 3206 Recensebantur
590 3162 798 3210 Thermae.,
818 3162 879 3204 seu
895 3163 1039 3205 Balnea
1052 3167 1157 3206 inter
1169 3165 1333 3221 publica
1347 3164 1512 3207 aedificia
1523 3194 1534 3209 ,
1558 3177 1646 3219 quae
1665 3175 1713 3207 ex
1726 3178 1801 3218 pu·

198 3222 309 3263 blico
322 3237 463 3265 aeral‘lo
481 3225 530 3265 ad
543 3232 723 3264 ornatum
735 3222 949 3265 Ciuitatum
964 3221 1292 3266 construebantur
1303 3253 1314 3265 .
1336 3222 1479 3264 Plinius
1507 3224 1650 3264 Iunior.
1665 3217 1800 3276 ep.2‘5.

1607 3278 1743 3324 libno‘.
