2206 3480
436 121 502 171 46
672 109 780 159 Di}
830 99 1343 159 COLVMNIS
1394 99 1497 151 IN
1545 94 1818 152 VRBE.

446 201 575 258 plebis
587 199 953 254 Tribunatu,liquet
963 200 1041 237 eius
1056 197 1213 251 Imperij
1230 209 1332 236 anno
1347 208 1405 241 17.
1419 192 1524 235 fuisse
1535 195 1725 240 dicatam:
1749 198 1914 242 totidem
1930 200 2034 244 nam·
2063 213 2109 269 A

447 273 524 314 que
538 272 657 298 annos
674 258 899 298 Tribunitia
919 254 1113 309 potestate
1135 252 1303 294 Caesares
1315 252 1436 293 suxisti
1454 282 1463 297 ,
1486 266 1586 307 quot
1608 261 1777 311 Imperio
1798 258 2035 312 praefuere).

450 318 548 366 Quo
563 315 670 355 certe
685 327 861 367 tempore
871 314 1059 352 Traianus
1083 309 1192 351 Italia
1214 310 1348 351 aberat
1371 309 1577 355 Parthico,
1601 314 1643 352 ὃ(
1667 318 1906 356 Arinen-iaco
1927 317 2034 360 bellis

450 373 664 412 distentus:
695 369 888 410 inciderat
905 382 1072 423 namque
1098 368 1136 407 in
1163 381 1300 408 annum
1323 367 1371 407 ab
1395 368 1496 408 V·C.
1511 373 1605 415 867.
1632 370 1780 413 Christi
1798 387 1923 413 autem
1942 386 2031 426 ης.

445 427 549 470 Coff
566 429 717 467 Minnio
732 426 866 470 Hasta,
882 426 926 467 &
937 428 974 468 P.
987 424 1151 466 Manilio
1167 426 1342 480 Vopisco
1355 454 1366 470 ,
1380 439 1429 464 ex
1443 425 1604 467 Panmni
1617 422 1717 468 fastis
1729 461 1737 470 .

504 484 760 526 Simulacrain
777 483 851 524 hac
863 482 1017 524 Traiani
1032 497 1244 524 marmorea
1257 483 1450 522 Columna
1467 481 1600 528 incisa,
1615 499 1751 539 parum
1771 488 1792 527 a
1811 486 2032 542 superficie,

447 544 634 585 eminent,
647 543 891 596 duorumque
901 544 1062 582 circiter
1077 540 1220 594 pedum
1231 541 1480 595 longitudinis
1491 542 1674 582 existunt:
1694 542 1758 584 sed
1782 558 1862 599 quo
1882 550 1994 601 magis
2009 547 2032 587 a

445 597 529 638 basi
541 596 664 638 versus
675 599 885 653 capitulum
895 598 1144 654 procedunt,
1167 613 1218 639 eo
1237 599 1447 654 grandiora
1459 599 1655 638 euadunt:
1676 601 1777 641 adeo
1795 615 1837 642 vt
1860 617 1945 658 quae
1968 619 2036 644 ca-

442 654 616 710 pitellum
629 657 806 710 proxime
817 660 1041 711 pertingant
1054 685 1064 700 ‚
1089 656 1251 696 eandem
1267 669 1379 710 quam
1392 653 1573 696 inferiora
1591 660 1889 711 magnitudinem
1910 659 2029 701 ferme

445 713 659 757 ostentent,
671 715 779 768 quod
793 713 909 767 dupla
920 716 967 764 ijs
978 715 1250 771 proportione
1262 711 1527 767 respondeant
1547 746 1554 754 .

500 767 823 826 TraianiAugusti
836 771 992 814 Forum,
1015 774 1052 811 in
1076 773 1183 810 cuius
1203 770 1333 810 medio
1348 769 1430 810 haec
1443 770 1635 811 Hetrusco
1649 786 1770 828 opere
1787 774 1982 815 Columna
1994 790 2033 817 e-

444 827 617 867 minebat
640 830 741 867 inter
764 827 1026 882 Capitolium,
1050 826 1464 879 collemQuirinalem‚
1497 829 1540 868 δε
1556 830 1695 870 Forum
1712 833 1878 875 Neruae,
1905 831 1955 872 ab
1977 833 2038 872 A-

444 883 660 938 pollodoro
671 883 895 939 peritissimo
909 883 1060 925 artifice
1073 885 1180 924 testo
1192 898 1301 925 aeneo
1313 883 1625 939 superimposito,
1649 890 1865 929 extructum
1880 887 1950 929 fuit
1964 917 1972 926 .
1987 891 2034 930 In

444 954 527 995 quo
538 941 721 996 palatium
739 944 897 983 Traiani
909 945 1013 983 vario
1025 955 1073 982 ex
1085 955 1275 981 marmore
1289 970 1298 986 ,
1328 942 1455 982 statuis
1474 943 1517 982 &
1532 944 1691 996 pisturis
1703 956 1879 986 ornatum
1899 962 1909 991 ;
1931 960 2036 1001 gym-

441 997 609 1043 nasium,
641 998 902 1043 bibliotheca,
927 1012 1037 1040 arcus
1049 997 1285 1053 triumphalis
1298 997 1353 1038 ob
1373 996 1574 1053 superatos
1590 1002 1746 1047 Dacos,
1779 1004 1822 1044 ὃ(
1845 1006 2034 1044 Sarmatas

443 1058 460 1104 (
472 1059 578 1096 cuius
590 1056 854 1110 pulcherrima
866 1066 1091 1098 ornamenta
1103 1086 1114 1100 ‚
1124 1060 1217 1096 mira
1228 1055 1420 1096 artificum
1436 1070 1547 1096 manu
1559 1056 1756 1100 elaborata
1767 1082 1777 1102 ‚
1798 1062 1835 1099 in
1847 1062 2039 1101 alterum
2062 1049 2101 1099 Β

441 1112 579 1168 postea
589 1113 858 1169 triumphalem
870 1127 1000 1154 arcum
1015 1112 1277 1155 Constantino
1296 1113 1446 1168 Magno
1459 1112 1514 1153 ob
1532 1111 1749 1169 superatum
1771 1116 2040 1159 Maxentium

441 1179 646 1223 tyrannum
671 1173 839 1214 ere-stum
853 1195 863 1214 ‚
886 1168 1069 1212 transsata
1092 1169 1221 1211 fuere.-
1251 1184 1338 1225 quae
1357 1184 1460 1210 nunc
1475 1177 1652 1220 extant.)
1674 1176 1791 1213 Erant
1807 1178 2039 1229 quoquein„

438 1228 555 1268 <licto
568 1228 722 1271 Traiani
737 1231 841 1270 Foro
854 1231 1032 1284 porticus
1048 1226 1278 1283 amplissimis
1302 1225 1537 1282 excellisque
1557 1243 1679 1283 opere
1693 1230 1954 1271 Corinthiaco
1967 1244 2040 1271 co-

441 1284 579 1326 lumnis
591 1308 603 1328 ,
625 1290 766 1340 magnis
780 1286 963 1341 epistylijs
990 1286 1196 1329 adiunctis,
1221 1284 1343 1326 statua
1360 1285 1544 1339 equestris
1559 1284 1671 1340 ipsius
1687 1289 1849 1328 Traiani
1860 1291 1897 1328 in
1910 1288 2042 1328 medio

441 1345 622 1398 porticus
632 1346 755 1387 atrio,
777 1342 965 1382 columnis
976 1342 1154 1383 altiffimis
1166 1340 1400 1397 superposita
1414 1373 1422 1381 .
1458 1338 1545 1382 Huc
1567 1344 1587 1383 a
1610 1341 1802 1399 plerisque
1823 1342 2039 1386 Caesaribus

441 1398 638 1442 illustrium
650 1398 848 1441 hominum
871 1398 1004 1441 statuae
1019 1397 1227 1443 transsatae,
1247 1412 1324 1438 non
1336 1401 1471 1453 paucis
1482 1399 1620 1440 dicatae
1633 1429 1642 1444 ‚
1676 1403 1777 1441 inter
1795 1415 1888 1456 quas
1901 1406 2044 1442 etiaim.

443 1457 655 1499 Claudiani
668 1458 793 1512 Poeta}
804 1456 955 1512 insignis
966 1454 1094 1498 fuit.1n
1104 1455 1215 1497 huius
1230 1456 1322 1496 Pori
1334 1458 1451 1497 ruinis
1466 1456 1929 1510 SymmachusRomanus
1940 1459 2044 1499 Pon-

444 1513 545 1556 rtifex
555 1513 676 1555 aedem
689 1516 738 1556 D.
757 1514 900 1556 Balilio
913 1511 1055 1554 sacram
1078 1512 1315 1557 construxit;
1335 1511 1449 1553 ficuti
1473 1515 1516 1554 ὃς
1542 1512 1767 1555 Bonifacius
1780 1516 1956 1556 Octauus
1966 1525 2046 1557 tres

445 1582 570 1612 turres
581 1569 752 1615 excelsas
765 1569 1096 1627 superaedificauit
1108 1584 1121 1611 τ
1146 1571 1281 1613 harum
1294 1584 1421 1611 rerum
1431 1571 1608 1612 audiores
1621 1570 1787 1612 existunt
1803 1572 1885 1612 Dio
1897 1569 2044 1622 Caffius

446 1633 487 1669 in
503 1629 592 1669 Vita
603 1630 798 1674 Traiani,-
815 1631 1036 1671 Ammianus
1061 1627 1314 1670 Marcellinus
1331 1627 1401 1668 lib.
1421 1641 1435 1668 1
1445 1633 1485 1667 6.
1495 1630 1544 1669 A.
1556 1627 1699 1669 Gellius
1713 1628 1788 1669 lib.
1807 1643 1866 1683 ¹3·
1879 1642 1965 1684 cap.
1982 1643 2049 1683 23.

446 1686 627 1728 Blondus
637 1686 742 1740 lib.3.
758 1688 897 1729 Romae
910 1686 1126 1727 instauratae
1141 1683 1357 1727 Marlianus
1370 1684 1569 1739 lib.3.cap.
1579 1699 1592 1725 1
1603 1701 1638 1739 3.

455 1768 457 1772 -
504 1743 684 1784 Celebris
701 1745 780 1785 haec
797 1745 956 1785 Traiani
968 1742 1164 1785 Columna
1181 1744 1220 1783 in
1237 1741 1391 1797 fastigio
1405 1742 1604 1783 Colossum
1619 1742 1756 1784 habuit
1773 1741 2046 1799 superimposi-

449 1802 558 1845 fitum
571 1831 579 1846 ‚
595 1800 693 1842 idest
707 1832 716 1845 ‚
735 1800 896 1842 statuam
911 1799 1030 1855 ipfius
1049 1801 1212 1841 Traiani
1226 1799 1444 1840 immodicae
1460 1801 1708 1855 proceritatis
1726 1802 1889 1842 erecstam
1906 1816 1918 1847 ;
1935 1803 2046 1841 cuius

446 1860 503 1901 rei
518 1857 636 1899 fidem
651 1857 796 1898 faciunt
814 1856 981 1898 eiusdem
998 1888 1007 1902 ,
1034 1858 1102 1912 qui
1119 1856 1290 1898 visuntur
1302 1885 1313 1900 ,
1342 1859 1483 1897 nummi
1498 1885 1507 1893 .
1538 1861 1630 1898 Erat
1639 1870 1765 1899 autem
1792 1858 1912 1899 statua
1938 1857 2047 1913 palu·
2071 1883 2118 1934 C

446 1917 538 1957 data
554 1939 565 1959 ‚
586 1915 792 1956 thor-acata
806 1938 817 1957 ²
836 1916 879 1956 ὃς
897 1926 1081 1955 ocreata:
1105 1914 1244 1956 orbem
1256 1911 1318 1953 seu
1332 1914 1451 1969 pilam
1465 1928 1618 1955 auream
1636 1915 1800 1955 tenebat
1816 1917 1851 1956 in
1870 1917 2052 1958 dextera>

445 1975 548 2015 intra
563 1987 675 2026 quam
690 1971 808 2027 ipfius
822 1973 973 2012 cineres
985 1971 1186 2012 reconditi
1202 1969 1513 2016 afferuabantur;
1543 1972 1585 2011 &
1600 1970 1793 2027 sceptrum
1809 1973 1848 2012 in
1864 1971 2050 2013 linistrao.

446 2034 581 2072 Statua
597 2040 722 2071 autem
738 2028 818 2069 haec
836 2028 895 2068 vel
908 2030 928 2069 a
953 2028 1127 2072 barbaris
1142 2027 1291 2071 Vrbem
1311 2028 1546 2070 vastantibus
1575 2027 1787 2073 demolita,
1812 2029 1874 2069 vel
1897 2039 2052 2084 tempe-

443 2086 551 2131 statis
564 2088 601 2128 vi
617 2087 787 2128 deiecta:
806 2099 890 2126 nam
905 2085 1003 2126 illius
1019 2096 1156 2140 caput,
1190 2100 1276 2125 cum
1291 2085 1391 2126 bafis
1405 2086 1858 2142 ruderihuspurgaretur
1871 2114 1881 2130 ,
1910 2099 2049 2141 reper-

446 2157 548 2190 tum;
572 2145 665 2185 &in
683 2145 785 2184 aedes
804 2157 841 2197 q.
852 2142 1074 2183 Cardinalis
1098 2142 1147 2182 de
1163 2142 1277 2183 Valle
1291 2171 1301 2185 ‚
1324 2142 1549 2183 translatum
1568 2157 1578 2183 ε
1607 2142 1733 2198 pedes
1752 2154 1881 2188 >autem
1898 2139 2050 2197 fastigio

445 2201 650 2243 Columnae
661 2200 903 2242 adhaerentes
918 2198 1045 2240 adhuc
1059 2196 1229 2240 visuntur
1243 2231 1254 2239 .
1271 2200 1359 2239 Fuit
1374 2210 1500 2240 autem
1511 2199 1692 2240 Coloffus
1703 2200 1767 2241 hic
1781 2200 1918 2253 longus
1931 2199 2057 2253 pedes

444 2251 650 2305 Romanos
668 2273 733 2300 21.
752 2271 837 2299 nam
852 2267 974 2311 caput
989 2258 1009 2296 a
1026 2256 1172 2296 vertice
1186 2255 1234 2297 ad
1253 2263 1422 2296 mentum
1436 2256 1599 2296 duorum
1614 2257 1758 2310 pedum
1774 2279 1786 2300 2
1800 2265 1968 2311 quatuor
1983 2269 2052 2295 vn-

449 2319 597 2358 ciarum
610 2317 744 2357 extitit
755 2345 765 2359 ,
791 2315 902 2368 quod
918 2328 1021 2354 nona
1037 2313 1159 2354 totius
1174 2313 1354 2367 corporis
1369 2326 1461 2367 pars
1474 2310 1548 2352 esse
1565 2311 1665 2353 solet
1679 2345 1688 2353 .
1721 2314 1904 2354 Decretae
1927 2323 2054 2354 autem

450 2376 490 2416 in
506 2373 696 2415 columnis
708 2372 867 2413 statuaea
885 2375 1024 2413 Senatu
1039 2368 1236 2424 plerisque
1249 2367 1428 2414 fuerunt;
1444 2370 1482 2409 in
1497 2367 1806 2425 sepulcrisvero,
1824 2382 1955 2423 neque
1966 2383 2055 2410 mo-

448 2432 644 2474 numentis
660 2430 819 2484 reliquis
830 2428 1091 2469 columnarum
1109 2428 1210 2467 ratio
1227 2426 1308 2478 fuit,
1326 2437 1367 2467 vt
1383 2427 1493 2467 cuius
1507 2427 1654 2467 nomini
1672 2426 1810 2468 dicatae
1823 2424 1955 2471 essent,
1968 2427 2056 2481 glo—

450 2490 510 2532 ria
526 2488 637 2544 supra
657 2500 819 2528 caeteros
833 2486 1013 2528 mortales
1029 2483 1267 2525 attolleretur
1289 2499 1298 2524 :
1317 2483 1407 2524 hinc
1421 2483 1482 2525 illa
1495 2484 1606 2535 Ennij
1628 2483 1676 2524 de
1691 2485 1877 2538 Scipione
1892 2483 2051 2526 verbam’

449 2546 650 2602 Qantam
666 2546 826 2586 {taniam
839 2542 962 2595 fitciet
976 2543 1130 2596 Populus
1144 2543 1328 2583 Romanus
1344 2549 1360 2580 ,ὲ
1385 2551 1563 2596 quantam
1575 2542 1777 2583 columnam
1788 2570 1798 2585 ,
1812 2553 1890 2596 quae
1900 2553 1955 2580 res
1971 2550 2054 2581 tuas

445 2598 556 2656 gestas
574 2597 747 2657 loquatur
759 2611 775 2643 ,ἒ
792 2604 860 2641 vel
872 2602 966 2641 cert&
977 2600 1077 2656 quod
1086 2598 1285 2640 maioribus
1297 2611 1370 2638 mos
1383 2597 1510 2648 fuerit
1525 2628 1534 2643 ‚
1553 2601 1739 2650 principes
1752 2601 1855 2637 viros
1857 2596 1931 2649 [ἱώ
1945 2611 2048 2637 mon-

449 2660 546 2700 tibus
560 2659 741 2713 fipelire3
771 2661 829 2700 At
844 2668 1099 2699 cummontes
1111 2654 1296 2712 sepulcris
1307 2654 1525 2697 excitandis
1550 2655 1673 2696 vbiuis
1701 2661 1779 2694 non
1803 2651 2047 2699 sufficerent,

450 2718 694 2772 pyramideS,
722 2715 889 2770 altasque
906 2715 1103 2756 columnas
1117 2712 1228 2768 super
1240 2714 1431 2754 cadauera
1445 2726 1627 2757 erexere;
1646 2711 1711 2751 ·vel
1739 2708 1818 2764 ipsa
1835 2711 1968 2766 potius
1983 2727 2047 2752 ca·
2078 2705 2128 2756 D

448 2773 595 2814 dauera
609 2772 720 2827 supra
730 2772 932 2813 columnas
944 2774 988 2812 ὃς
1002 2771 1222 2826 pyramides
1236 2769 1455 2811 recondere
1471 2779 1676 2809 curarunt.
1708 2766 1821 2808 Solus
1839 2778 1964 2808 autem
1987 2772 2043 2808 in-

450 2838 511 2872 ter
524 2833 797 2884 Imperatores,
809 2829 904 2869 teste
916 2828 1129 2881 Eutropio,
1149 2827 1344 2866 Traianus
1356 2826 1392 2864 in
1409 2825 1520 2868 Vrbe
1537 2823 1709 2880 sepultus
1725 2824 1778 2865 est
1790 2839 1803 2864 .·
1829 2839 1913 2865 nam
1927 2824 2045 2866 Mau..

450 2886 593 2928 soleum
609 2911 619 2930 2
636 2886 795 2941 Augusti
812 2911 823 2931 ‚
843 2887 965 2927 moles
975 2884 1154 2928 Adriani,
1172 2885 1215 2923 ὃς
1232 2882 1422 2924 Columna
1439 2883 1631 2925 Antonini
1645 2883 1703 2933 Pij
1721 2891 1829 2923 extra
1841 2881 1961 2926 Vrbis
1971 2881 2043 2936 haae

456 2944 693 2986 bitationem
713 2942 819 2984 fuere
837 2972 846 2979 .
1009 2977 1011 2979 .
1863 2969 1865 2972 ι

509 2998 642 3044 Causae
655 3002 767 3041 huius
780 3000 869 3040 belli
888 3001 925 3039 in
941 3000 1113 3041 Daciam
1132 2999 1309 3042 Traiano
1328 2998 1502 3054 Augusto
1525 2996 1653 3039 fuere:
1678 2997 1870 3054 vpecunias
1891 2995 2046 3050 grauari

452 3060 570 3113 magis
586 3074 666 3100 eam
679 3058 923 3114 prouinciam
937 3071 1052 3112 quam
1068 3058 1202 3096 Daciae
1221 3055 1422 3098 facultates
1440 3071 1448 3096 :
1469 3056 1621 3097 illorum
1638 3055 1775 3109 copias
1799 3053 1837 3093 in
1861 3051 1944 3093 dies
1958 3076 1969 3096 ‚
2001 3052 2045 3093 &

453 3119 553 3155 vires
574 3120 701 3171 augeri
712 3146 721 3160 ,
732 3115 1024 3169 efferatiorique
1035 3113 1195 3154 subinde
1207 3116 1333 3154 animo
1346 3113 1435 3157 fieri
1446 3128 1459 3153 .·
1472 3114 1697 3167 prouincias
1709 3110 1885 3150 finitimas
1899 3111 1937 3151 in
1951 3109 2043 3150 ami-

455 3173 587 3212 citiam
609 3173 749 3227 Populi
775 3173 974 3215 Romani,
1003 3170 1207 3226 fidemque
1218 3169 1423 3225 'susceptas
1443 3171 1492 3210 ab
1516 3172 1564 3221 ijs
1584 3167 1824 3221 summopere
1852 3165 2022 3209 infestari
2034 3179 2048 3206 .-

454 3229 585 3284 gloriae
608 3231 770 3272 auiditas
785 3227 1030 3271 vindicandae
1046 3230 1195 3273 iniuriae
1210 3254 1222 3276 ‚-
1250 3227 1532 3283 dedecorilbue
1551 3224 1736 3269 abolendi
1747 3223 2013 3321 desideriuncila
2035 3237 2048 3269 3

1878 3296 1960 3338 quo
