2206 3480
400 130 503 171 260
605 119 697 170 DE
740 113 951 168 ARMIS
991 111 1351 165 Nomva
1389 110 1872 165 FAMILIARVM.

568 221 686 300 De
712 216 956 295 Armis
976 209 1319 297 nobilium
1338 209 1829 302 familiarum,
1893 228 1897 232 “
2040 213 2081 265 Α

1020 326 1204 435 Cap.
1270 324 1401 435 IX.

505 499 770 542 Erstrinximus
782 498 895 554 plura
909 496 956 538 de
969 501 1235 541 Romanorum
1252 495 1531 542 vestimentis.
1552 499 1595 540 &
1619 501 1668 540 de
1690 497 1905 540 Coloribus
1926 511 1996 537 eo-

409 504 486 605 P
520 557 681 598 rundem
696 570 705 596 ε
730 567 768 596 at
780 557 962 610 quoniam
977 569 1024 596 ex
1035 554 1206 598 Vestium
1217 566 1356 597 ornatu
1377 560 1524 611 petitur
1535 559 1646 611 origo
1659 554 1868 598 Gentilium
1883 552 1997 595 tess'e-

410 629 537 656 rarum
551 638 561 658 ‚
591 628 678 669 quae
691 613 803 668 vulgo
817 624 1092 667 nuncupantur
1106 614 1237 654 Armae‘
1255 612 1513 658 Familiarum;
1546 627 1624 654 non
1642 617 1898 669 incongruum
1917 612 1997 653 de.)

413 671 632 716 huiusmodi
647 674 758 711 armis
771 700 780 714 ‚
792 684 1002 725 earumque
1016 673 1164 724 origine
1177 670 1236 711 his
1250 684 1320 710 nos
1333 669 1456 726 aliqua
1472 670 1681 712 adnestere
1693 701 1702 712 .
1728 686 1730 689 ·

178 734 263 760 Arm*
278 735 331 767 Ψ
343 724 385 753 ‘²¹'-
465 733 583 773 Arma
595 742 758 784 namque
769 728 835 768 ista
850 729 1036 768 dicuntur
1047 750 1057 769 ‚
1080 740 1166 782 quae
1183 728 1377 768 beneficio
1394 729 1584 781 Principis
1607 728 1658 768 ad
1670 730 1889 769 memoriam
1902 740 2001 767 con-

159 775 273 801 ‘amr'
408 789 485 843 sign
493 802 535 828 an
543 784 600 827 dae
618 787 659 826 &
673 786 920 826 munerandae
932 788 1083 825 virtutis
1095 784 1266 826 militaris
1280 783 1382 840 signa
1396 784 1456 825 seu
1481 783 1651 840 symbola
1674 782 2000 827 conferebantur,

409 857 449 886 vt
462 859 534 901 per
549 846 685 884 Gentis
697 847 827 897 capita
843 842 891 881 ad
906 841 1083 897 posteros
1097 840 1350 883 haereditario
1364 847 1445 883 iure
1459 840 1833 884 transcriberentur:
1857 840 2002 883 fiuein-

411 915 554 957 tegram
573 902 764 941 &nouam
775 897 949 939 tesseram
962 928 972 943 ,
995 896 1071 940 fi'ue
1085 897 1258 941 insertam
1273 901 1395 941 veteri
1411 898 1560 941 familiae
1575 900 1712 946 scuto5
1732 908 1771 940 vt
1793 900 1815 939 a
1836 895 2004 940 Caesare,

406 959 604 1000 nobilibus
615 956 766 1007 familijs
780 956 962 1011 Aquilam
975 954 1168 1002 conferri,
1183 966 1269 1011 quae
1283 958 1454 1012 Imperio
1472 957 1698 998 ancillatur.
1713 958 1770 998 At
1786 957 2005 1011 quoniam-9

409 1017 493 1057 haec
507 1015 605 1070 signa
617 1038 628 1058 ‚
643 1013 702 1055 seu
718 1013 889 1069 symbola
904 1016 940 1053 in
955 1013 1111 1054 militum
1127 1015 1239 1055 armis
1255 1014 1487 1069 plerumque
1501 1013 1818 1069 exprimebantur
1832 1042 1843 1059 ,
1871 1012 1915 1054 &
1927 1014 2007 1053 cir·
2028 1065 2031 1066 ⁷

413 1072 729 1115 cumserebantur
743 1087 752 1115 ;
765 1071 855 1111 inde
872 1076 1000 1112 Armae
1014 1071 1363 1126 nuncupabantur.
1396 1071 1614 1113 subscribit
1623 1071 1713 1112 huic
1724 1069 1920 1112 sententiae
1934 1069 2008 1110 Ti·
2026 1044 2066 1097 B

406 1129 554 1185 raquel.
570 1127 618 1167 de
633 1127 800 1169 Nobilit.
811 1132 937 1179 cap.6.
948 1129 1021 1169 ibi:
1053 1130 1211 1186 Insignia
1234 1143 1421 1169 armorum
1434 1132 1581 1169 nomine
1605 1136 1866 1182 nuncupantur
1876 1149 1890 1170 2
1917 1139 2008 1181 quo-

411 1192 510 1228 niam
526 1185 737 1239 plerumque
747 1185 822 1226 haec
833 1184 984 1237 insignia
997 1189 1036 1225 in
1048 1190 1162 1226 armis
1173 1185 1346 1241 insculpi,
1358 1185 1404 1229 (θ’
1416 1188 1580 1241 antiquis
1594 1185 1641 1230 ὠ·
1652 1182 1780 1238 nqllris
1788 1182 2009 1236 temporibus

398 1243 590 1302 filebant:
603 1251 652 1281 vt
665 1241 753 1283 hinc
761 1241 999 1293 armatifizcie
1008 1252 1133 1295 operta
1147 1241 1440 1298 dignfierentur
1451 1272 1461 1287 ,
1491 1246 1538 1285 Et
1554 1246 1737 1298 quoniam
1753 1241 2008 1297 plerumque:

408 1306 447 1342 in
461 1299 575 1341 scutis
589 1298 876 1354 figurabantur:
890 1298 983 1340 ideo
995 1297 1232 1356 peculialiter
1245 1298 1349 1340 scuta
1359 1299 1773 1341 .Gentilitia·-nominari
1783 1310 1924 1354 coepta
1939 1328 1950 1338 .

159 1383 312 1421 nestram·
466 1355 626 1397 Possunt
637 1368 761 1398 autem
778 1360 902 1397 Armae
918 1356 977 1398 hae
1001 1356 1225 1412 symbolicae
1252 1361 1304 1399 ita
1318 1356 1604 1398 circumscribi:
1624 1355 1767 1409 Tfsserae
1792 1355 2009 1408 gentilitiae,

407 1411 579 1472 expreffe
590 1414 715 1454 idoneo
729 1415 871 1458 lumine,
890 1414 942 1454 ad
936 1413 1141 1461 familiarii
1149 1414 1338 1470 diftrimen
1346 1417 1493 1469 pariter
1506 1413 1555 1458 (9-
1568 1415 1798 1455 ornamenta.
1815 1413 2006 1454 Idoneum

409 1473 536 1514 lumen
552 1471 874 1527 comprehendit,
888 1469 948 1512 seu
967 1474 1072 1526 pista
1086 1472 1289 1514 coloribus
1305 1473 1347 1512 ὃ(
1362 1471 1540 1516 metallis,
1555 1469 1617 1512 seu
1633 1469 1781 1525 sculpta
1791 1473 1829 1510 in
1845 1482 2007 1511 marmo-

408 1544 451 1570 re
466 1557 475 1573 ,
492 1529 594 1584 ligno
609 1552 619 1572 ,
635 1542 708 1570 aere
722 1561 730 1570 .
746 1530 903 1569 Dicitur
919 1530 1227 1572 Ornamentum:
1252 1531 1433 1585 quoniam
1446 1528 1612 1571 insinuat
1639 1531 1677 1568 in
1694 1528 1821 1582 primo
1833 1527 2021 1574 austeres,

410 1586 591 1627 bellicam
611 1587 653 1626 &
668 1585 865 1638 heroicam
883 1589 1088 1633 virtutem;
1118 1600 1158 1629 vt
1178 1586 1449 1628 extimulentur
1462 1585 1604 1641 posteri
1620 1585 1669 1626 ad
1678 1582 1883 1639 gloriosam
1897 1586 2010 1627 Auoe

408 1657 492 1685 rum
504 1647 777 1685 imitationem:
804 1643 976 1699 alioquin
993 1646 1211 1701 exprobrat
1223 1645 1398 1686 Lucanus
1410 1647 1448 1686 in
1461 1644 1646 1700 Panegyr.
1658 1641 1708 1683 ad
1723 1641 1953 1683 Pisonem...

668 1706 671 1709 '
921 1704 1023 1741 Perit
1032 1706 1146 1741 omnis
1158 1706 1196 1742 ‘in
1213 1702 1274 1744 illo

653 1756 844 1798 Nobilitas
853 1786 862 1801 ‚
878 1759 976 1796 cuius
986 1758 1062 1797 laus
1073 1758 1126 1797 est
1141 1762 1181 1798 in
1194 1761 1331 1810 origine
1333 1759 1417 1814 [δία
1428 1760 1435 1798 ζ

637 1813 747 1854 Felix
761 1816 826 1868 qui
836 1817 948 1854 tantis
959 1817 1123 1855 animum
1133 1816 1316 1855 natalibus
1327 1829 1447 1868 aequas
1458 1829 1470 1860 ;

642 1872 691 1910 Et
704 1880 850 1922 partem
864 1872 963 1910 tituli
976 1901 985 1916 ,
1005 1886 1077 1911 non
1087 1872 1270 1927 fhmmam
1276 1877 1382 1925 ponis
1393 1876 1432 1912 in
1447 1871 1519 1912 illis
1530 1901 1538 1910 .
2032 1876 2080 1927 C

159 1930 391 1977 ¹J-‘2xssmarum-
467 1927 647 1969 Vetustas
661 1924 877 1967 huiusmodi
888 1929 1169 1970 Gentilitiarum
1185 1930 1416 1974 teflerarum,
1433 1928 1493 1970 seu
1505 1927 1765 1986 symbolorum
1777 1942 1825 1971 ex
1837 1929 2012 1973 heroicis

160 1978 237 1999 Μ’
414 1986 658 2042 temporibus
673 1986 756 2040 peti
769 1985 930 2030 debere,
949 1984 1033 2026 satis
1049 1986 1260 2041 probabile
1271 2016 1280 2025 .
1294 1988 1523 2028 Habuerunt
1536 1988 1636 2027 enim
1650 1989 1833 2043 Aegyptij
1847 2001 1923 2043 pro
1938 1984 2015 2029 tes-

410 2043 492 2086 sera
506 2056 630 2084 ternas
643 2043 743 2082 Boas
755 2042 940 2098 reptiles:
961 2046 1139 2084 Arcades
1155 2045 1318 2085 Lunam:
1348 2045 1483 2100 Argiui
1503 2042 1553 2084 sui
1568 2047 1731 2085 nominis
1746 2044 2014 2085 elementum

410 2105 578 2155 primum
592 2106 638 2141 A.
655 2099 907 2141 Athenienses
922 2101 1113 2142 Noetuam
1138 2112 1203 2142 aut
1223 2102 1391 2142 Bouem:
1425 2099 1651 2156 Babylones
1675 2100 1906 2143 Columbam
1917 2130 1927 2145 .
1951 2108 2014 2141 in..

415 2173 529 2211 quam
542 2157 795 2199 crediderant
805 2157 982 2198 defecisse
990 2157 1278 2200 Semiramidem
1291 2159 1502 2214 Reginam:
1529 2158 1707 2200 Chaldaei
1721 2161 1794 2199 tria
1805 2157 2014 2201 Vexillaat

412 2217 553 2255 Graeci
568 2216 649 2255 duo
664 2214 918 2255 Diademata:
937 2215 1097 2257 Hebraei
1110 2217 1161 2256 T.
1174 2216 1343 2256 litteram
1361 2215 1517 2257 Salutis:
1532 2215 1659 2272 Libyae
1675 2216 1816 2271 populi
1834 2216 2013 2273 Lepores

411 2280 572 2311 ternos:
589 2272 834 2312 Macedones
845 2272 1002 2313 Claua'm
1015 2273 1172 2314 Alcidis
1185 2275 1288 2312 inter
1305 2273 1386 2313 duo
1399 2272 1557 2313 Cornua
1569 2305 1578 2313 .

162 2349 389 2388 §gnassegienum
474 2327 641 2368 Caeteris
658 2339 781 2368 autem
796 2327 1049 2383 praetermiffis
1067 2343 1078 2370 ε
1099 2333 1206 2369 circa
1218 2328 1317 2383 figna
1327 2330 1534 2383 Legionum
1546 2358 1557 2374 ‚
1576 2327 1868 2382 Manipulorum
1886 2350 1896 2371 2
1924 2327 2010 2369 Co-

410 2385 666 2438 hortiumque
681 2385 940 2425 Romanarum
955 2414 966 2430 ,
999 2396 1040 2425 vt
1063 2385 1245 2439 Iosephus
1258 2385 1430 2438 loquitur
1450 2384 1556 2438 lib.3.
1570 2385 1669 2424 Belli
1685 2385 1833 2425 Iudaic.
1850 2386 1970 2439 capit.
1980 2396 2015 2435 ς.

413 2442 552 2496 Aquila
562 2444 684 2480 auium
697 2440 941 2497 valentiffima
951 2471 960 2486 ,
981 2443 1218 2495 villoriaeque
1230 2440 1367 2480 habens
1380 2454 1482 2481 omen
1493 2470 1503 2486 ,
1525 2450 1605 2481 erat
1626 2442 1811 2482 vexillum
1823 2443 2013 2494 Legionum

413 2500 462 2542 (φ
479 2496 704 2548 conflabatur
718 2512 769 2537 ex
780 2511 870 2538 auro
883 2527 894 2543 ,
922 2508 988 2538 aut
1002 2512 1054 2538 ex
1067 2508 1232 2550 argento.
1261 2496 1463 2538 Infistebat
1482 2512 1575 2538 vero
1597 2498 1711 2539 hastae
1725 2502 1762 2538 in
1779 2511 1895 2553 parte
1907 2502 2014 2540 ima...

415 2553 631 2609 cuspilatae‚
655 2565 697 2594 vt
717 2553 845 2609 posset
866 2558 904 2595 in
925 2566 1062 2597 terram
1086 2554 1309 2595 deficidum
1322 2556 1423 2596 acies
1442 2557 1480 2594 in
1497 2555 1594 2595 loco
1609 2555 1743 2596 staret.
1770 2554 1999 2596 Tacit.lib.1

415 2617 518 2653 Anu.
534 2611 716 2651 Plurimus
736 2614 830 2651 circa
843 2613 993 2666 Aquilas
1004 2612 1107 2652 labor
1122 2640 1132 2656 ‚
1164 2627 1242 2668 quae
1254 2625 1370 2667 neque
1381 2613 1457 2668 figi
1467 2612 1591 2667 limosa
1600 2612 1730 2654 humo,
1752 2625 1869 2667 neque
1881 2611 2016 2652 aduer-

421 2666 828 2723 fifmserriingruentia
840 2670 911 2709 tela
914 2679 1090 2722 poterant
1103 2702 1109 2709 .

174 2749 372 2781 Mfflfflmm
384 2769 392 2778 ⁹
469 2725 526 2764 At
540 2724 830 2778 Manipulorum
845 2724 946 2779 figna
957 2740 1131 2780 quaenam
1149 2726 1319 2768 fuerint?
1342 2725 1544 2781 descripsit
1555 2727 1682 2767 Ouid.
1696 2728 1734 2767 in
1750 2725 1842 2769 Fast.
2041 2704 2093 2758 D

253 2779 258 2787 ¹
585 2782 728 2820 Pertica
744 2781 931 2836 fitspenfhs
937 2784 1114 2835 portabat
1126 2784 1228 2836 longa
1242 2783 1418 2835 maniplos
1427 2805 1439 2826 ‚

644 2837 740 2875 Vnde
749 2839 964 2890 maniplaris
974 2843 1121 2879 nomina
1133 2841 1231 2880 miles
1240 2840 1352 2880 habet
1364 2871 1374 2881 .

417 2898 465 2937 Et
477 2896 649 2949 quamuis
664 2892 735 2932 vile
755 2907 796 2933 ac
812 2895 993 2934 rusticum
1008 2899 1153 2937 militiae
1168 2897 1344 2937 vexi-llum
1359 2928 1368 2937 .
1383 2895 1506 2939 Ouid.
1517 2907 1642 2938 tamen
1653 2897 1800 2941 ibidem
1811 2928 1820 2938 .

638 2969 761 2981 -·—-—-
917 2951 987 2990 Sed
996 2962 1076 2991 erat
1091 2957 1293 2993 reuerentia
1301 2951 1426 3004 fraena
1438 2984 1451 2999 ,

641 3005 839 3062 Qantam
849 3020 921 3047 non
935 3010 1089 3062 Aquilas
1099 3014 1212 3050 cernis
1226 3010 1360 3050 habere
1374 3020 1456 3050 tuas
1466 3041 1475 3050 .

417 3063 605 3105 Succeffit
616 3074 741 3104 tamen
759 3063 881 3103 cultus
899 3067 1037 3110 maior,
1070 3068 1112 3106 ὅ(
1127 3068 1329 3121 manipulis
1343 3067 1548 3113 den-astu,
1577 3067 1733 3109 fuerunt
1757 3081 1890 3109 eorum
1916 3067 2009 3109 loco

413 3123 571 3175 perticis
582 3120 719 3162 adfixae
731 3134 859 3161 manus
876 3125 1150 3168 cumcorollis;
1170 3138 1247 3163 non
1271 3123 1345 3164 sine
1366 3123 1551 3165 allusione
1580 3125 1709 3180 aliqua
1735 3127 1784 3166 ad
1817 3126 2009 3181 Manipuli

412 3191 574 3218 vocem:
599 3182 652 3217 vti
671 3177 787 3218 Iustus
804 3178 956 3232 Lipsius
971 3180 1248 3234 interpretatur
1263 3216 1270 3224 ,
1287 3181 1336 3221 de
1353 3181 1474 3221 Milit.
1490 3183 1656 3222 Roman.
1679 3181 1744 3221 lib.
1757 3197 1796 3230 4.
1814 3183 2008 3239 Dialog.1.

161 3253 344 3291 cohom’umf
469 3234 674 3289 Postquam
692 3234 880 3276 deindein
897 3235 1064 3277 militiam
1083 3238 1351 3279 Romanorum
1368 3235 1452 3278 sunt
1464 3237 1618 3279 adscitae
1627 3238 1813 3281 cohortes
1822 3253 1836 3281 .·
1859 3242 1920 3280 hae
1941 3253 2013 3295 pa-

1864 3301 1961 3339 riter
