<?xml version="1.0" encoding="UTF-8"?>
<!DOCTYPE html PUBLIC "-//W3C//DTD XHTML 1.0 Transitional//EN"
    "http://www.w3.org/TR/xhtml1/DTD/xhtml1-transitional.dtd">
<html xmlns="http://www.w3.org/1999/xhtml" xml:lang="en" lang="en">
 <head>
  <title>
</title>
<meta http-equiv="Content-Type" content="text/html;charset=utf-8" />
  <meta name='ocr-system' content='tesseract 3.04.00' />
  <meta name='ocr-capabilities' content='ocr_page ocr_carea ocr_par ocr_line ocrx_word'/>
</head>
<body>
  <div class='ocr_page' id='page_1' title='image "./devrbisacromanio00casa_0411.png"; bbox 0 0 2206 3480; ppageno 0'>
   <div class='ocr_carea' id='block_1_1' title="bbox 352 87 1742 150">
    <p class='ocr_par' dir='ltr' id='par_1_1' title="bbox 352 87 1742 150">
     <span class='ocr_line' id='line_1_1' title="bbox 352 87 1742 150; baseline -0.001 -6"><span class='ocrx_word' id='word_1_1' title='bbox 352 88 896 146; x_wconf 66' lang='lat' dir='ltr'>DEsCOMlTIIS</span> <span class='ocrx_word' id='word_1_2' title='bbox 928 87 1524 144; x_wconf 57' lang='lat' dir='ltr'><strong>&#39;ROMANJORVM</strong></span> <span class='ocrx_word' id='word_1_3' title='bbox 1644 105 1742 150; x_wconf 77' lang='lat'>389</span> 
     </span>
    </p>
   </div>
   <div class='ocr_carea' id='block_1_2' title="bbox 52 183 1991 3314">
    <p class='ocr_par' dir='ltr' id='par_1_2' title="bbox 72 183 1963 1026">
     <span class='ocr_line' id='line_1_2' title="bbox 72 183 1744 244; baseline 0.004 -18"><span class='ocrx_word' id='word_1_4' title='bbox 72 184 119 242; x_wconf 72' lang='lat' dir='ltr'>A</span> <span class='ocrx_word' id='word_1_5' title='bbox 204 186 264 227; x_wconf 77' lang='lat' dir='ltr'>Ex</span> <span class='ocrx_word' id='word_1_6' title='bbox 277 183 758 242; x_wconf 80' lang='lat' dir='ltr'>huiusmodipopularibus</span> <span class='ocrx_word' id='word_1_7' title='bbox 770 196 941 229; x_wconf 84' lang='lat' dir='ltr'>veterum</span> <span class='ocrx_word' id='word_1_8' title='bbox 960 190 1230 229; x_wconf 85' lang='lat' dir='ltr'>Romanorum</span> <span class='ocrx_word' id='word_1_9' title='bbox 1252 190 1434 242; x_wconf 86' lang='lat' dir='ltr'>Comitijs</span> <span class='ocrx_word' id='word_1_10' title='bbox 1455 188 1514 233; x_wconf 87' lang='lat' dir='ltr'>seu</span> <span class='ocrx_word' id='word_1_11' title='bbox 1534 190 1744 244; x_wconf 84' lang='lat' dir='ltr'>congreffi-</span> 
     </span>
     <span class='ocr_line' id='line_1_3' title="bbox 153 240 1963 302; baseline 0.006 -19"><span class='ocrx_word' id='word_1_12' title='bbox 153 240 226 283; x_wconf 86' lang='lat' dir='ltr'>bus</span> <span class='ocrx_word' id='word_1_13' title='bbox 240 244 577 298; x_wconf 81' lang='lat' dir='ltr'>apprehendamus</span> <span class='ocrx_word' id='word_1_14' title='bbox 589 243 746 286; x_wconf 86' lang='lat' dir='ltr'>dubium</span> <span class='ocrx_word' id='word_1_15' title='bbox 759 244 1093 287; x_wconf 82' lang='lat' dir='ltr'>&amp;inconstantem</span> <span class='ocrx_word' id='word_1_16' title='bbox 1103 247 1228 302; x_wconf 89' lang='lat' dir='ltr'>popul</span> <span class='ocrx_word' id='word_1_17' title='bbox 1235 247 1244 286; x_wconf 81' lang='lat' dir='ltr'>i</span> <span class='ocrx_word' id='word_1_18' title='bbox 1259 251 1420 288; x_wconf 89' lang='lat' dir='ltr'>animum</span> <span class='ocrx_word' id='word_1_19' title='bbox 1433 248 1533 289; x_wconf 80' lang='lat' dir='ltr'>velut</span> <span class='ocrx_word' id='word_1_20' title='bbox 1554 250 1719 290; x_wconf 47' lang='lat' dir='ltr'>Oteansx</span> <span class='ocrx_word' id='word_1_21' title='bbox 1733 276 1744 292; x_wconf 84' lang='lat'><em>‚</em></span> <span class='ocrx_word' id='word_1_22' title='bbox 1766 259 1963 299; x_wconf 45' lang='lat' dir='ltr'>Corduenam</span> 
     </span>
     <span class='ocr_line' id='line_1_4' title="bbox 154 301 1745 361; baseline 0.003 -20"><span class='ocrx_word' id='word_1_23' title='bbox 154 301 316 342; x_wconf 69' lang='lat' dir='ltr'>alternis</span> <span class='ocrx_word' id='word_1_24' title='bbox 326 301 479 343; x_wconf 78' lang='lat' dir='ltr'>aestibus</span> <span class='ocrx_word' id='word_1_25' title='bbox 491 305 736 356; x_wconf 86' lang='lat' dir='ltr'>reciprocum</span> <span class='ocrx_word' id='word_1_26' title='bbox 756 331 768 347; x_wconf 91' lang='lat'>,</span> <span class='ocrx_word' id='word_1_27' title='bbox 800 301 996 357; x_wconf 89' lang='lat' dir='ltr'>multisque</span> <span class='ocrx_word' id='word_1_28' title='bbox 1011 302 1284 344; x_wconf 67' lang='lat' dir='ltr'>iactationibus</span> <span class='ocrx_word' id='word_1_29' title='bbox 1298 317 1362 345; x_wconf 90' lang='lat' dir='ltr'>aur</span> <span class='ocrx_word' id='word_1_30' title='bbox 1372 304 1574 361; x_wconf 81' lang='lat' dir='ltr'>naufragijs</span> <span class='ocrx_word' id='word_1_31' title='bbox 1597 303 1745 361; x_wconf 83' lang='lat' dir='ltr'>semper</span> 
     </span>
     <span class='ocr_line' id='line_1_5' title="bbox 154 357 1746 417; baseline 0.003 -18"><span class='ocrx_word' id='word_1_32' title='bbox 154 357 320 400; x_wconf 84' lang='lat' dir='ltr'>infidum</span> <span class='ocrx_word' id='word_1_33' title='bbox 332 390 342 399; x_wconf 92' lang='lat'>.</span> <span class='ocrx_word' id='word_1_34' title='bbox 376 359 480 398; x_wconf 86' lang='lat' dir='ltr'>Vide</span> <span class='ocrx_word' id='word_1_35' title='bbox 491 358 792 399; x_wconf 80' lang='lat' dir='ltr'>acclamationes</span> <span class='ocrx_word' id='word_1_36' title='bbox 803 357 1076 400; x_wconf 59' lang='lat' dir='ltr'>facias-Galbae</span> <span class='ocrx_word' id='word_1_37' title='bbox 1088 372 1226 414; x_wconf 84' lang='lat' dir='ltr'>magno</span> <span class='ocrx_word' id='word_1_38' title='bbox 1241 362 1420 417; x_wconf 81' lang='lat' dir='ltr'>imperat.</span> <span class='ocrx_word' id='word_1_39' title='bbox 1433 371 1505 403; x_wconf 83' lang='lat' dir='ltr'>nec</span> <span class='ocrx_word' id='word_1_40' title='bbox 1519 364 1642 404; x_wconf 78' lang='lat' dir='ltr'>multo</span> <span class='ocrx_word' id='word_1_41' title='bbox 1657 361 1746 414; x_wconf 85' lang='lat' dir='ltr'>post</span> 
     </span>
     <span class='ocr_line' id='line_1_6' title="bbox 152 414 1743 475; baseline 0.003 -19"><span class='ocrx_word' id='word_1_42' title='bbox 152 415 263 457; x_wconf 78' lang='lat' dir='ltr'>iacet</span> <span class='ocrx_word' id='word_1_43' title='bbox 273 415 510 457; x_wconf 77' lang='lat' dir='ltr'>inhumatum</span> <span class='ocrx_word' id='word_1_44' title='bbox 521 414 691 456; x_wconf 78' lang='lat' dir='ltr'>cadauer</span> <span class='ocrx_word' id='word_1_45' title='bbox 704 444 715 459; x_wconf 89' lang='lat'><strong>.</strong></span> <span class='ocrx_word' id='word_1_46' title='bbox 727 414 1122 470; x_wconf 82' lang='lat' dir='ltr'>inglorium‚calonum</span> <span class='ocrx_word' id='word_1_47' title='bbox 1137 418 1302 471; x_wconf 75' lang='lat' dir='ltr'>pedibus</span> <span class='ocrx_word' id='word_1_48' title='bbox 1312 420 1469 460; x_wconf 73' lang='lat' dir='ltr'>‘calcatsi</span> <span class='ocrx_word' id='word_1_49' title='bbox 1481 433 1615 475; x_wconf 89' lang='lat' dir='ltr'>:quam</span> <span class='ocrx_word' id='word_1_50' title='bbox 1631 417 1743 460; x_wconf 75' lang='lat' dir='ltr'>foeda</span> 
     </span>
     <span class='ocr_line' id='line_1_7' title="bbox 150 470 1748 529; baseline 0.003 -16"><span class='ocrx_word' id='word_1_51' title='bbox 150 475 284 529; x_wconf 73' lang='lat' dir='ltr'>primo</span> <span class='ocrx_word' id='word_1_52' title='bbox 296 472 347 514; x_wconf 91' lang='lat' dir='ltr'>de</span> <span class='ocrx_word' id='word_1_53' title='bbox 363 473 516 514; x_wconf 77' lang='lat' dir='ltr'>Ottone</span> <span class='ocrx_word' id='word_1_54' title='bbox 527 470 647 526; x_wconf 86' lang='lat' dir='ltr'>sparsa</span> <span class='ocrx_word' id='word_1_55' title='bbox 658 487 669 518; x_wconf 71' lang='grc' dir='ltr'>ς</span> <span class='ocrx_word' id='word_1_56' title='bbox 681 475 771 513; x_wconf 89' lang='lat' dir='ltr'>itum</span> <span class='ocrx_word' id='word_1_57' title='bbox 787 472 977 514; x_wconf 89' lang='lat' dir='ltr'>deindein</span> <span class='ocrx_word' id='word_1_58' title='bbox 995 471 1189 514; x_wconf 84' lang='lat' dir='ltr'>Ottonem</span> <span class='ocrx_word' id='word_1_59' title='bbox 1205 489 1275 514; x_wconf 87' lang='lat' dir='ltr'>vna</span> <span class='ocrx_word' id='word_1_60' title='bbox 1290 490 1407 520; x_wconf 85' lang='lat' dir='ltr'>voce,</span> <span class='ocrx_word' id='word_1_61' title='bbox 1421 482 1588 519; x_wconf 86' lang='lat' dir='ltr'>omnium</span> <span class='ocrx_word' id='word_1_62' title='bbox 1606 477 1748 522; x_wconf 69' lang='lat' dir='ltr'>laudes</span> 
     </span>
     <span class='ocr_line' id='line_1_8' title="bbox 151 527 1739 586; baseline 0.003 -16"><span class='ocrx_word' id='word_1_63' title='bbox 151 528 246 572; x_wconf 83' lang='lat' dir='ltr'>inde</span> <span class='ocrx_word' id='word_1_64' title='bbox 260 535 298 570; x_wconf 85' lang='lat' dir='ltr'>in</span> <span class='ocrx_word' id='word_1_65' title='bbox 316 527 514 573; x_wconf 78' lang='lat' dir='ltr'>Vitellium</span> <span class='ocrx_word' id='word_1_66' title='bbox 527 558 539 573; x_wconf 80' lang='lat'><em>,</em></span> <span class='ocrx_word' id='word_1_67' title='bbox 561 528 702 571; x_wconf 80' lang='lat' dir='ltr'>exinde</span> <span class='ocrx_word' id='word_1_68' title='bbox 724 531 760 569; x_wconf 91' lang='lat' dir='ltr'>in</span> <span class='ocrx_word' id='word_1_69' title='bbox 779 528 1046 586; x_wconf 74' lang='lat' dir='ltr'>Vespasianum</span> <span class='ocrx_word' id='word_1_70' title='bbox 1062 540 1202 570; x_wconf 83' lang='lat' dir='ltr'>contra</span> <span class='ocrx_word' id='word_1_71' title='bbox 1219 532 1416 573; x_wconf 86' lang='lat' dir='ltr'>Vitellium</span> <span class='ocrx_word' id='word_1_72' title='bbox 1432 565 1441 574; x_wconf 92' lang='lat'><strong>.</strong></span> <span class='ocrx_word' id='word_1_73' title='bbox 1468 534 1657 575; x_wconf 58' lang='lat' dir='ltr'>Mannum</span> <span class='ocrx_word' id='word_1_74' title='bbox 1680 538 1739 574; x_wconf 86' lang='lat' dir='ltr'>in·</span> 
     </span>
     <span class='ocr_line' id='line_1_9' title="bbox 152 585 1741 638; baseline 0.003 -11"><span class='ocrx_word' id='word_1_75' title='bbox 152 597 263 628; x_wconf 83' lang='lat' dir='ltr'>tuere</span> <span class='ocrx_word' id='word_1_76' title='bbox 275 615 286 630; x_wconf 84' lang='lat'><strong><em>‚</em></strong></span> <span class='ocrx_word' id='word_1_77' title='bbox 309 591 415 626; x_wconf 87' lang='lat' dir='ltr'>cuius</span> <span class='ocrx_word' id='word_1_78' title='bbox 427 590 533 627; x_wconf 88' lang='lat' dir='ltr'>vnius</span> <span class='ocrx_word' id='word_1_79' title='bbox 546 586 707 628; x_wconf 83' lang='lat' dir='ltr'>dextera</span> <span class='ocrx_word' id='word_1_80' title='bbox 716 587 953 638; x_wconf 84' lang='lat' dir='ltr'>Capitolium</span> <span class='ocrx_word' id='word_1_81' title='bbox 965 585 1070 626; x_wconf 82' lang='lat' dir='ltr'>stetit</span> <span class='ocrx_word' id='word_1_82' title='bbox 1080 600 1091 629; x_wconf 83' lang='lat'><strong>;</strong></span> <span class='ocrx_word' id='word_1_83' title='bbox 1103 599 1189 625; x_wconf 79' lang='lat' dir='ltr'>non:</span> <span class='ocrx_word' id='word_1_84' title='bbox 1201 588 1315 627; x_wconf 82' lang='lat' dir='ltr'>staret</span> <span class='ocrx_word' id='word_1_85' title='bbox 1327 592 1450 632; x_wconf 64' lang='lat' dir='ltr'>Roma</span> <span class='ocrx_word' id='word_1_86' title='bbox 1465 591 1531 631; x_wconf 64' lang='lat' dir='ltr'>nli</span> <span class='ocrx_word' id='word_1_87' title='bbox 1551 591 1741 631; x_wconf 88' lang='lat' dir='ltr'>Manlium</span> 
     </span>
     <span class='ocr_line' id='line_1_10' title="bbox 149 642 1746 702; baseline 0.003 -17"><span class='ocrx_word' id='word_1_88' title='bbox 149 644 308 697; x_wconf 74' lang='lat' dir='ltr'>Populo</span> <span class='ocrx_word' id='word_1_89' title='bbox 321 647 505 685; x_wconf 83' lang='lat' dir='ltr'>Romano</span> <span class='ocrx_word' id='word_1_90' title='bbox 519 642 682 684; x_wconf 75' lang='lat' dir='ltr'>dedisset</span> <span class='ocrx_word' id='word_1_91' title='bbox 692 643 819 684; x_wconf 89' lang='lat' dir='ltr'>Deus:</span> <span class='ocrx_word' id='word_1_92' title='bbox 834 644 876 682; x_wconf 89' lang='lat'>&amp;</span> <span class='ocrx_word' id='word_1_93' title='bbox 887 642 986 682; x_wconf 85' lang='lat' dir='ltr'>illius</span> <span class='ocrx_word' id='word_1_94' title='bbox 997 655 1073 681; x_wconf 89' lang='lat' dir='ltr'>non</span> <span class='ocrx_word' id='word_1_95' title='bbox 1089 643 1208 682; x_wconf 89' lang='lat' dir='ltr'>multo</span> <span class='ocrx_word' id='word_1_96' title='bbox 1223 644 1310 696; x_wconf 89' lang='lat' dir='ltr'>post</span> <span class='ocrx_word' id='word_1_97' title='bbox 1322 643 1495 699; x_wconf 86' lang='lat' dir='ltr'>sanguine</span> <span class='ocrx_word' id='word_1_98' title='bbox 1517 649 1746 702; x_wconf 82' lang='lat' dir='ltr'>Capitolina.</span> 
     </span>
     <span class='ocr_line' id='line_1_11' title="bbox 153 697 1742 757; baseline 0.001 -15"><span class='ocrx_word' id='word_1_99' title='bbox 153 697 343 742; x_wconf 76' lang='lat' dir='ltr'>funestata</span> <span class='ocrx_word' id='word_1_100' title='bbox 355 704 518 745; x_wconf 84' lang='lat' dir='ltr'>moenia;</span> <span class='ocrx_word' id='word_1_101' title='bbox 532 712 570 742; x_wconf 87' lang='lat' dir='ltr'>vt</span> <span class='ocrx_word' id='word_1_102' title='bbox 583 701 695 741; x_wconf 85' lang='lat' dir='ltr'>nobis</span> <span class='ocrx_word' id='word_1_103' title='bbox 708 712 756 739; x_wconf 88' lang='lat' dir='ltr'>ex</span> <span class='ocrx_word' id='word_1_104' title='bbox 772 698 828 739; x_wconf 87' lang='lat' dir='ltr'>his</span> <span class='ocrx_word' id='word_1_105' title='bbox 840 709 1090 754; x_wconf 79' lang='lat' dir='ltr'>proponatur</span> <span class='ocrx_word' id='word_1_106' title='bbox 1113 704 1261 754; x_wconf 83' lang='lat' dir='ltr'>ingrata</span> <span class='ocrx_word' id='word_1_107' title='bbox 1283 701 1422 755; x_wconf 83' lang='lat' dir='ltr'>Populi</span> <span class='ocrx_word' id='word_1_108' title='bbox 1439 717 1542 743; x_wconf 88' lang='lat' dir='ltr'>mens</span> <span class='ocrx_word' id='word_1_109' title='bbox 1557 732 1566 747; x_wconf 96' lang='lat'><strong><em>‚</em></strong></span> <span class='ocrx_word' id='word_1_110' title='bbox 1592 701 1742 757; x_wconf 80' lang='lat' dir='ltr'>semper</span> 
     </span>
     <span class='ocr_line' id='line_1_12' title="bbox 145 756 1743 814; baseline 0 -14"><span class='ocrx_word' id='word_1_111' title='bbox 145 757 243 803; x_wconf 74' lang='lat' dir='ltr'>alia,</span> <span class='ocrx_word' id='word_1_112' title='bbox 255 771 448 814; x_wconf 85' lang='lat' dir='ltr'>nunquam</span> <span class='ocrx_word' id='word_1_113' title='bbox 463 758 527 799; x_wconf 88' lang='lat' dir='ltr'>diu</span> <span class='ocrx_word' id='word_1_114' title='bbox 539 758 672 798; x_wconf 86' lang='lat' dir='ltr'>eadem</span> <span class='ocrx_word' id='word_1_115' title='bbox 689 769 699 797; x_wconf 91' lang='lat'><strong>:</strong></span> <span class='ocrx_word' id='word_1_116' title='bbox 718 757 821 795; x_wconf 72' lang='lat' dir='ltr'>Nam&#39;</span> <span class='ocrx_word' id='word_1_117' title='bbox 835 756 1067 810; x_wconf 63' lang='lat' dir='ltr'>quantossffi</span> <span class='ocrx_word' id='word_1_118' title='bbox 1083 768 1210 798; x_wconf 87' lang='lat' dir='ltr'>vetera</span> <span class='ocrx_word' id='word_1_119' title='bbox 1225 756 1445 807; x_wconf 79' lang='lat' dir='ltr'>recenseas)</span> <span class='ocrx_word' id='word_1_120' title='bbox 1461 758 1596 799; x_wconf 75' lang='lat' dir='ltr'>stetisse</span> <span class='ocrx_word' id='word_1_121' title='bbox 1612 763 1648 799; x_wconf 90' lang='lat' dir='ltr'>in</span> <span class='ocrx_word' id='word_1_122' title='bbox 1665 762 1743 800; x_wconf 85' lang='lat' dir='ltr'>Po-</span> 
     </span>
     <span class='ocr_line' id='line_1_13' title="bbox 146 813 1744 871; baseline 0.003 -17"><span class='ocrx_word' id='word_1_123' title='bbox 146 813 246 870; x_wconf 85' lang='lat' dir='ltr'>pulo</span> <span class='ocrx_word' id='word_1_124' title='bbox 264 813 476 871; x_wconf 81' lang='lat' dir='ltr'>superiores</span> <span class='ocrx_word' id='word_1_125' title='bbox 492 813 686 854; x_wconf 79' lang='lat' dir='ltr'>arbitraris</span> <span class='ocrx_word' id='word_1_126' title='bbox 702 820 717 852; x_wconf 74' lang='lat'>,³</span> <span class='ocrx_word' id='word_1_127' title='bbox 731 816 895 853; x_wconf 85' lang='lat' dir='ltr'>omnium</span> <span class='ocrx_word' id='word_1_128' title='bbox 907 818 1076 869; x_wconf 88' lang='lat' dir='ltr'>gentium</span> <span class='ocrx_word' id='word_1_129' title='bbox 1089 842 1099 857; x_wconf 89' lang='lat'>‚</span> <span class='ocrx_word' id='word_1_130' title='bbox 1129 825 1362 869; x_wconf 85' lang='lat' dir='ltr'>aetatumque</span> <span class='ocrx_word' id='word_1_131' title='bbox 1373 814 1545 856; x_wconf 82' lang='lat' dir='ltr'>historias</span> <span class='ocrx_word' id='word_1_132' title='bbox 1558 817 1744 858; x_wconf 88' lang='lat' dir='ltr'>reuolue:</span> 
     </span>
     <span class='ocr_line' id='line_1_14' title="bbox 150 866 1742 925; baseline 0.001 -12"><span class='ocrx_word' id='word_1_133' title='bbox 150 885 226 913; x_wconf 81' lang='lat' dir='ltr'>nec</span> <span class='ocrx_word' id='word_1_134' title='bbox 247 872 270 912; x_wconf 77' lang='grc' dir='ltr'>ὲ</span> <span class='ocrx_word' id='word_1_135' title='bbox 291 884 445 912; x_wconf 87' lang='lat' dir='ltr'>centum</span> <span class='ocrx_word' id='word_1_136' title='bbox 458 876 630 925; x_wconf 90' lang='lat' dir='ltr'>quinque</span> <span class='ocrx_word' id='word_1_137' title='bbox 640 866 701 910; x_wconf 89' lang='lat' dir='ltr'>sua</span> <span class='ocrx_word' id='word_1_138' title='bbox 712 881 835 910; x_wconf 92' lang='lat' dir='ltr'>morte</span> <span class='ocrx_word' id='word_1_139' title='bbox 849 893 861 913; x_wconf 83' lang='lat'>‚</span> <span class='ocrx_word' id='word_1_140' title='bbox 872 883 944 911; x_wconf 57' lang='lat' dir='ltr'>&#39;aut</span> <span class='ocrx_word' id='word_1_141' title='bbox 959 874 1059 911; x_wconf 85' lang='lat' dir='ltr'>inter</span> <span class='ocrx_word' id='word_1_142' title='bbox 1069 884 1183 911; x_wconf 85' lang='lat' dir='ltr'>caros</span> <span class='ocrx_word' id='word_1_143' title='bbox 1193 869 1344 912; x_wconf 82' lang='lat' dir='ltr'>suorum</span> <span class='ocrx_word' id='word_1_144' title='bbox 1361 873 1558 924; x_wconf 79' lang='lat' dir='ltr'>amplexus</span> <span class='ocrx_word' id='word_1_145' title='bbox 1571 877 1683 914; x_wconf 86' lang='lat' dir='ltr'>vitam</span> <span class='ocrx_word' id='word_1_146' title='bbox 1697 873 1742 914; x_wconf 81' lang='lat' dir='ltr'>fi-</span> 
     </span>
     <span class='ocr_line' id='line_1_15' title="bbox 150 925 1742 987; baseline 0.002 -19"><span class='ocrx_word' id='word_1_147' title='bbox 150 926 285 969; x_wconf 81' lang='lat' dir='ltr'>niuisse</span> <span class='ocrx_word' id='word_1_148' title='bbox 297 951 307 970; x_wconf 81' lang='lat'>‚</span> <span class='ocrx_word' id='word_1_149' title='bbox 320 942 398 983; x_wconf 85' lang='lat' dir='ltr'>pro</span> <span class='ocrx_word' id='word_1_150' title='bbox 414 937 526 968; x_wconf 86' lang='lat' dir='ltr'>certo</span> <span class='ocrx_word' id='word_1_151' title='bbox 537 925 776 983; x_wconf 74' lang='lat' dir='ltr'>habeas5qui</span> <span class='ocrx_word' id='word_1_152' title='bbox 787 927 918 971; x_wconf 78' lang='lat' dir='ltr'>exilio,</span> <span class='ocrx_word' id='word_1_153' title='bbox 931 928 1055 972; x_wconf 68' lang='lat' dir='ltr'>ferro,</span> <span class='ocrx_word' id='word_1_154' title='bbox 1067 940 1216 969; x_wconf 81' lang='lat' dir='ltr'>veneno</span> <span class='ocrx_word' id='word_1_155' title='bbox 1229 958 1240 975; x_wconf 87' lang='lat'>‚</span> <span class='ocrx_word' id='word_1_156' title='bbox 1255 940 1320 971; x_wconf 84' lang='lat' dir='ltr'>aut</span> <span class='ocrx_word' id='word_1_157' title='bbox 1332 930 1432 971; x_wconf 86' lang='lat' dir='ltr'>inter</span> <span class='ocrx_word' id='word_1_158' title='bbox 1445 929 1519 971; x_wconf 85' lang='lat' dir='ltr'>tela</span> <span class='ocrx_word' id='word_1_159' title='bbox 1533 934 1647 972; x_wconf 86' lang='lat' dir='ltr'>vitam</span> <span class='ocrx_word' id='word_1_160' title='bbox 1662 945 1742 987; x_wconf 90' lang='lat' dir='ltr'>po-</span> 
     </span>
     <span class='ocr_line' id='line_1_16' title="bbox 154 983 1322 1026; baseline 0.002 0"><span class='ocrx_word' id='word_1_161' title='bbox 154 983 310 1026; x_wconf 88' lang='lat' dir='ltr'>suerunt</span> <span class='ocrx_word' id='word_1_162' title='bbox 323 1015 335 1026; x_wconf 89' lang='lat'><strong>.</strong></span> <span class='ocrx_word' id='word_1_163' title='bbox 363 1002 366 1007; x_wconf 88' lang='lat'>·</span> <span class='ocrx_word' id='word_1_164' title='bbox 866 997 868 1000; x_wconf 76' lang='grc'>’</span> <span class='ocrx_word' id='word_1_165' title='bbox 1152 1007 1161 1012; x_wconf 55' lang='lat'>&gt;·</span> <span class='ocrx_word' id='word_1_166' title='bbox 1320 996 1322 999; x_wconf 77' lang='grc'>’</span> 
     </span>
    </p>

    <p class='ocr_par' dir='ltr' id='par_1_3' title="bbox 82 1021 1744 1486">
     <span class='ocr_line' id='line_1_17' title="bbox 82 1021 1740 1101; baseline 0.002 -18"><span class='ocrx_word' id='word_1_167' title='bbox 82 1021 123 1075; x_wconf 72' lang='lat' dir='ltr'>B</span> <span class='ocrx_word' id='word_1_168' title='bbox 207 1043 418 1083; x_wconf 79' lang='lat' dir='ltr'>Nouorum</span> <span class='ocrx_word' id='word_1_169' title='bbox 426 1042 517 1083; x_wconf 87' lang='lat' dir='ltr'>dein</span> <span class='ocrx_word' id='word_1_170' title='bbox 526 1038 572 1082; x_wconf 88' lang='lat' dir='ltr'>de</span> <span class='ocrx_word' id='word_1_171' title='bbox 582 1054 669 1082; x_wconf 90' lang='lat' dir='ltr'>cum</span> <span class='ocrx_word' id='word_1_172' title='bbox 681 1039 909 1082; x_wconf 79' lang='lat' dir='ltr'>auidissimus</span> <span class='ocrx_word' id='word_1_173' title='bbox 923 1042 969 1084; x_wconf 84' lang='lat' dir='ltr'>fit</span> <span class='ocrx_word' id='word_1_174' title='bbox 980 1041 1149 1098; x_wconf 85' lang='lat' dir='ltr'>Populus</span> <span class='ocrx_word' id='word_1_175' title='bbox 1167 1073 1177 1088; x_wconf 89' lang='lat'><em>‚</em></span> <span class='ocrx_word' id='word_1_176' title='bbox 1201 1053 1327 1085; x_wconf 86' lang='lat' dir='ltr'>vetera</span> <span class='ocrx_word' id='word_1_177' title='bbox 1340 1042 1488 1099; x_wconf 78' lang='lat' dir='ltr'>semper</span> <span class='ocrx_word' id='word_1_178' title='bbox 1499 1042 1740 1101; x_wconf 86' lang='lat' dir='ltr'>praesentium</span> 
     </span>
     <span class='ocr_line' id='line_1_18' title="bbox 145 1097 1742 1155; baseline 0.001 -15"><span class='ocrx_word' id='word_1_179' title='bbox 145 1100 343 1140; x_wconf 69' lang='lat' dir='ltr'>desiderio</span> <span class='ocrx_word' id='word_1_180' title='bbox 359 1097 502 1140; x_wconf 80' lang='lat' dir='ltr'>fastidit</span> <span class='ocrx_word' id='word_1_181' title='bbox 513 1112 521 1138; x_wconf 91' lang='lat'>:</span> <span class='ocrx_word' id='word_1_182' title='bbox 532 1098 618 1138; x_wconf 86' lang='lat' dir='ltr'>odit</span> <span class='ocrx_word' id='word_1_183' title='bbox 631 1100 873 1140; x_wconf 84' lang='lat' dir='ltr'>adeovetera</span> <span class='ocrx_word' id='word_1_184' title='bbox 887 1114 1074 1140; x_wconf 86' lang='lat' dir='ltr'>nouorum</span> <span class='ocrx_word' id='word_1_185' title='bbox 1093 1099 1378 1155; x_wconf 72' lang='lat' dir='ltr'>cupidissimus:</span> <span class='ocrx_word' id='word_1_186' title='bbox 1393 1102 1438 1142; x_wconf 87' lang='lat' dir='ltr'>ad</span> <span class='ocrx_word' id='word_1_187' title='bbox 1450 1101 1475 1142; x_wconf 84' lang='lat' dir='ltr'>h</span> <span class='ocrx_word' id='word_1_188' title='bbox 1485 1116 1532 1144; x_wconf 79' lang='lat' dir='ltr'>ec</span> <span class='ocrx_word' id='word_1_189' title='bbox 1545 1100 1604 1144; x_wconf 83' lang='lat' dir='ltr'>seu</span> <span class='ocrx_word' id='word_1_190' title='bbox 1618 1103 1715 1143; x_wconf 84' lang='lat' dir='ltr'>dolo</span> <span class='ocrx_word' id='word_1_191' title='bbox 1729 1130 1742 1147; x_wconf 84' lang='lat'>‚</span> 
     </span>
     <span class='ocr_line' id='line_1_19' title="bbox 144 1155 1743 1215; baseline 0 -15"><span class='ocrx_word' id='word_1_192' title='bbox 144 1157 208 1201; x_wconf 82' lang='lat' dir='ltr'>seu</span> <span class='ocrx_word' id='word_1_193' title='bbox 220 1155 396 1211; x_wconf 85' lang='lat' dir='ltr'>sanguine</span> <span class='ocrx_word' id='word_1_194' title='bbox 407 1186 417 1201; x_wconf 93' lang='lat'><em>,</em></span> <span class='ocrx_word' id='word_1_195' title='bbox 429 1155 491 1197; x_wconf 80' lang='lat' dir='ltr'>seu</span> <span class='ocrx_word' id='word_1_196' title='bbox 508 1155 748 1210; x_wconf 85' lang='lat' dir='ltr'>benignitate</span> <span class='ocrx_word' id='word_1_197' title='bbox 760 1160 962 1211; x_wconf 89' lang='lat' dir='ltr'>perueniat</span> <span class='ocrx_word' id='word_1_198' title='bbox 988 1172 1000 1202; x_wconf 67' lang='grc' dir='ltr'>ς</span> <span class='ocrx_word' id='word_1_199' title='bbox 1023 1160 1127 1198; x_wconf 80' lang='lat' dir='ltr'>iuxta</span> <span class='ocrx_word' id='word_1_200' title='bbox 1150 1157 1295 1200; x_wconf 85' lang='lat' dir='ltr'>habere</span> <span class='ocrx_word' id='word_1_201' title='bbox 1325 1157 1523 1200; x_wconf 88' lang='lat' dir='ltr'>consueuit</span> <span class='ocrx_word' id='word_1_202' title='bbox 1549 1191 1557 1200; x_wconf 92' lang='lat'>.</span> <span class='ocrx_word' id='word_1_203' title='bbox 1589 1163 1743 1215; x_wconf 77' lang='lat' dir='ltr'>impetu</span> 
     </span>
     <span class='ocr_line' id='line_1_20' title="bbox 144 1210 1742 1271; baseline 0.003 -18"><span class='ocrx_word' id='word_1_204' title='bbox 144 1227 314 1266; x_wconf 77' lang='lat' dir='ltr'>namque</span> <span class='ocrx_word' id='word_1_205' title='bbox 328 1211 450 1253; x_wconf 84' lang='lat' dir='ltr'>fertur</span> <span class='ocrx_word' id='word_1_206' title='bbox 462 1210 656 1253; x_wconf 76' lang='lat' dir='ltr'>fluminum</span> <span class='ocrx_word' id='word_1_207' title='bbox 670 1227 777 1254; x_wconf 87' lang='lat' dir='ltr'>more</span> <span class='ocrx_word' id='word_1_208' title='bbox 788 1236 800 1257; x_wconf 76' lang='lat'><em>,</em></span> <span class='ocrx_word' id='word_1_209' title='bbox 816 1228 900 1267; x_wconf 72' lang='lat' dir='ltr'>quae</span> <span class='ocrx_word' id='word_1_210' title='bbox 913 1216 1121 1269; x_wconf 83' lang='lat' dir='ltr'>praeruptis</span> <span class='ocrx_word' id='word_1_211' title='bbox 1137 1215 1359 1270; x_wconf 81' lang='lat' dir='ltr'>aggeribus,</span> <span class='ocrx_word' id='word_1_212' title='bbox 1372 1229 1483 1258; x_wconf 85' lang='lat' dir='ltr'>caeco</span> <span class='ocrx_word' id='word_1_213' title='bbox 1497 1213 1600 1271; x_wconf 87' lang='lat' dir='ltr'>lapsu</span> <span class='ocrx_word' id='word_1_214' title='bbox 1617 1216 1742 1261; x_wconf 86' lang='lat' dir='ltr'>‚nullo</span> 
     </span>
     <span class='ocr_line' id='line_1_21' title="bbox 143 1269 1742 1327; baseline 0.002 -16"><span class='ocrx_word' id='word_1_215' title='bbox 143 1272 241 1314; x_wconf 81' lang='lat' dir='ltr'>boni</span> <span class='ocrx_word' id='word_1_216' title='bbox 261 1270 398 1310; x_wconf 81' lang='lat' dir='ltr'>maliue</span> <span class='ocrx_word' id='word_1_217' title='bbox 410 1269 628 1310; x_wconf 85' lang='lat' dir='ltr'>discrimine</span> <span class='ocrx_word' id='word_1_218' title='bbox 642 1273 677 1310; x_wconf 90' lang='lat' dir='ltr'>in</span> <span class='ocrx_word' id='word_1_219' title='bbox 691 1270 990 1312; x_wconf 62' lang='lat' dir='ltr'>obuias-„cuium</span> <span class='ocrx_word' id='word_1_220' title='bbox 1001 1270 1129 1313; x_wconf 72' lang='lat' dir='ltr'>similis</span> <span class='ocrx_word' id='word_1_221' title='bbox 1142 1276 1231 1312; x_wconf 88' lang='lat' dir='ltr'>mari</span> <span class='ocrx_word' id='word_1_222' title='bbox 1255 1296 1267 1317; x_wconf 89' lang='lat'>‚</span> <span class='ocrx_word' id='word_1_223' title='bbox 1279 1274 1386 1327; x_wconf 90' lang='lat' dir='ltr'>quod</span> <span class='ocrx_word' id='word_1_224' title='bbox 1408 1274 1527 1315; x_wconf 73' lang='lat' dir='ltr'>modo</span> <span class='ocrx_word' id='word_1_225' title='bbox 1540 1275 1575 1313; x_wconf 90' lang='lat' dir='ltr'>in</span> <span class='ocrx_word' id='word_1_226' title='bbox 1588 1271 1621 1315; x_wconf 88' lang='lat' dir='ltr'>se</span> <span class='ocrx_word' id='word_1_227' title='bbox 1634 1284 1742 1314; x_wconf 85' lang='lat' dir='ltr'>tran-</span> 
     </span>
     <span class='ocr_line' id='line_1_22' title="bbox 143 1326 1739 1385; baseline 0.003 -18"><span class='ocrx_word' id='word_1_228' title='bbox 143 1327 326 1385; x_wconf 63' lang='lat' dir='ltr'>quinum,</span> <span class='ocrx_word' id='word_1_229' title='bbox 341 1328 461 1368; x_wconf 72' lang='lat' dir='ltr'>modo</span> <span class='ocrx_word' id='word_1_230' title='bbox 477 1329 549 1366; x_wconf 83' lang='lat' dir='ltr'>leui</span> <span class='ocrx_word' id='word_1_231' title='bbox 564 1338 764 1367; x_wconf 81' lang='lat' dir='ltr'>ventor-um</span> <span class='ocrx_word' id='word_1_232' title='bbox 775 1326 1068 1382; x_wconf 79' lang='lat' dir='ltr'>appulsuminas</span> <span class='ocrx_word' id='word_1_233' title='bbox 1085 1328 1192 1369; x_wconf 88' lang='lat' dir='ltr'>coelo</span> <span class='ocrx_word' id='word_1_234' title='bbox 1204 1329 1405 1375; x_wconf 86' lang='lat' dir='ltr'>iaculatur,</span> <span class='ocrx_word' id='word_1_235' title='bbox 1419 1329 1739 1385; x_wconf 72' lang='lat' dir='ltr'>semperinfidum</span> 
     </span>
     <span class='ocr_line' id='line_1_23' title="bbox 145 1383 1744 1444; baseline 0.003 -20"><span class='ocrx_word' id='word_1_236' title='bbox 145 1398 222 1428; x_wconf 78' lang='lat' dir='ltr'>nec</span> <span class='ocrx_word' id='word_1_237' title='bbox 247 1398 425 1441; x_wconf 84' lang='lat' dir='ltr'>vmquam</span> <span class='ocrx_word' id='word_1_238' title='bbox 449 1387 571 1424; x_wconf 85' lang='lat' dir='ltr'>minus</span> <span class='ocrx_word' id='word_1_239' title='bbox 585 1383 848 1440; x_wconf 89' lang='lat' dir='ltr'>tranquillum,</span> <span class='ocrx_word' id='word_1_240' title='bbox 863 1399 974 1443; x_wconf 86' lang='lat' dir='ltr'>quam</span> <span class='ocrx_word' id='word_1_241' title='bbox 987 1398 1074 1427; x_wconf 90' lang='lat' dir='ltr'>cum</span> <span class='ocrx_word' id='word_1_242' title='bbox 1089 1388 1398 1442; x_wconf 79' lang='lat' dir='ltr'>tranquillitatem</span> <span class='ocrx_word' id='word_1_243' title='bbox 1414 1385 1613 1444; x_wconf 47' lang='lat' dir='ltr'>spondet..</span> <span class='ocrx_word' id='word_1_244' title='bbox 1636 1401 1744 1429; x_wconf 89' lang='lat' dir='ltr'>men-</span> 
     </span>
     <span class='ocr_line' id='line_1_24' title="bbox 143 1445 273 1486; baseline -0.046 0"><span class='ocrx_word' id='word_1_245' title='bbox 143 1445 246 1486; x_wconf 86' lang='lat' dir='ltr'>titur</span> <span class='ocrx_word' id='word_1_246' title='bbox 264 1473 273 1481; x_wconf 88' lang='lat'><strong>.</strong></span> 
     </span>
    </p>

    <p class='ocr_par' dir='ltr' id='par_1_4' title="bbox 139 1497 1743 1842">
     <span class='ocr_line' id='line_1_25' title="bbox 203 1497 1743 1557; baseline 0 -15"><span class='ocrx_word' id='word_1_247' title='bbox 203 1497 419 1554; x_wconf 82' lang='lat' dir='ltr'>Sedneque</span> <span class='ocrx_word' id='word_1_248' title='bbox 433 1513 524 1540; x_wconf 88' lang='lat' dir='ltr'>vera</span> <span class='ocrx_word' id='word_1_249' title='bbox 538 1497 666 1541; x_wconf 72' lang='lat' dir='ltr'>afalfis</span> <span class='ocrx_word' id='word_1_250' title='bbox 677 1499 871 1557; x_wconf 86' lang='lat' dir='ltr'>distinguit</span> <span class='ocrx_word' id='word_1_251' title='bbox 885 1499 1079 1554; x_wconf 83' lang='lat' dir='ltr'>Populus:</span> <span class='ocrx_word' id='word_1_252' title='bbox 1095 1503 1246 1556; x_wconf 81' lang='lat' dir='ltr'>rapitur</span> <span class='ocrx_word' id='word_1_253' title='bbox 1261 1500 1309 1542; x_wconf 89' lang='lat' dir='ltr'>ad</span> <span class='ocrx_word' id='word_1_254' title='bbox 1321 1501 1523 1557; x_wconf 82' lang='lat' dir='ltr'>proposita</span> <span class='ocrx_word' id='word_1_255' title='bbox 1547 1524 1559 1545; x_wconf 74' lang='lat'>²</span> <span class='ocrx_word' id='word_1_256' title='bbox 1580 1515 1657 1543; x_wconf 91' lang='lat' dir='ltr'>non</span> <span class='ocrx_word' id='word_1_257' title='bbox 1671 1503 1743 1543; x_wconf 88' lang='lat' dir='ltr'>du-</span> 
     </span>
     <span class='ocr_line' id='line_1_26' title="bbox 143 1555 1743 1613; baseline 0.003 -17"><span class='ocrx_word' id='word_1_258' title='bbox 143 1555 336 1597; x_wconf 75' lang='lat' dir='ltr'>citurzfic</span> <span class='ocrx_word' id='word_1_259' title='bbox 350 1557 484 1613; x_wconf 88' lang='lat' dir='ltr'>vulgus</span> <span class='ocrx_word' id='word_1_260' title='bbox 498 1557 698 1600; x_wconf 85' lang='lat' dir='ltr'>credulum</span> <span class='ocrx_word' id='word_1_261' title='bbox 713 1561 820 1599; x_wconf 86' lang='lat' dir='ltr'>nimis</span> <span class='ocrx_word' id='word_1_262' title='bbox 829 1556 883 1599; x_wconf 89' lang='lat' dir='ltr'>est</span> <span class='ocrx_word' id='word_1_263' title='bbox 896 1581 907 1600; x_wconf 68' lang='lat'>2</span> <span class='ocrx_word' id='word_1_264' title='bbox 921 1559 962 1599; x_wconf 68' lang='grc' dir='ltr'>ὃ(</span> <span class='ocrx_word' id='word_1_265' title='bbox 976 1557 1024 1598; x_wconf 88' lang='lat' dir='ltr'>ad</span> <span class='ocrx_word' id='word_1_266' title='bbox 1039 1561 1218 1600; x_wconf 85' lang='lat' dir='ltr'>nocitura</span> <span class='ocrx_word' id='word_1_267' title='bbox 1236 1573 1424 1613; x_wconf 87' lang='lat' dir='ltr'>pronum.</span> <span class='ocrx_word' id='word_1_268' title='bbox 1451 1559 1556 1600; x_wconf 89' lang='lat' dir='ltr'>Hinc</span> <span class='ocrx_word' id='word_1_269' title='bbox 1572 1558 1672 1600; x_wconf 83' lang='lat' dir='ltr'>fatua</span> <span class='ocrx_word' id='word_1_270' title='bbox 1686 1559 1743 1600; x_wconf 76' lang='lat' dir='ltr'>illi</span> 
     </span>
     <span class='ocr_line' id='line_1_27' title="bbox 142 1611 1742 1672; baseline 0.001 -18"><span class='ocrx_word' id='word_1_271' title='bbox 142 1611 298 1654; x_wconf 75' lang='lat' dir='ltr'>consilia</span> <span class='ocrx_word' id='word_1_272' title='bbox 315 1643 325 1659; x_wconf 93' lang='lat'>‚</span> <span class='ocrx_word' id='word_1_273' title='bbox 338 1615 379 1654; x_wconf 86' lang='lat'>&amp;</span> <span class='ocrx_word' id='word_1_274' title='bbox 393 1614 469 1656; x_wconf 82' lang='lat' dir='ltr'>fine</span> <span class='ocrx_word' id='word_1_275' title='bbox 483 1613 634 1655; x_wconf 70' lang='lat' dir='ltr'>deletstu</span> <span class='ocrx_word' id='word_1_276' title='bbox 652 1615 688 1655; x_wconf 88' lang='lat' dir='ltr'>in</span> <span class='ocrx_word' id='word_1_277' title='bbox 703 1629 759 1656; x_wconf 87' lang='lat' dir='ltr'>res</span> <span class='ocrx_word' id='word_1_278' title='bbox 779 1626 970 1670; x_wconf 85' lang='lat' dir='ltr'>properat</span> <span class='ocrx_word' id='word_1_279' title='bbox 982 1639 993 1659; x_wconf 67' lang='lat'>2</span> <span class='ocrx_word' id='word_1_280' title='bbox 1004 1614 1052 1656; x_wconf 90' lang='lat' dir='ltr'>de</span> <span class='ocrx_word' id='word_1_281' title='bbox 1063 1615 1202 1667; x_wconf 84' lang='lat' dir='ltr'>quibus</span> <span class='ocrx_word' id='word_1_282' title='bbox 1217 1631 1300 1657; x_wconf 89' lang='lat' dir='ltr'>eum</span> <span class='ocrx_word' id='word_1_283' title='bbox 1322 1614 1408 1657; x_wconf 67' lang='lat' dir='ltr'>sero</span> <span class='ocrx_word' id='word_1_284' title='bbox 1421 1621 1615 1672; x_wconf 83' lang='lat' dir='ltr'>poeniteat</span> <span class='ocrx_word' id='word_1_285' title='bbox 1632 1644 1645 1661; x_wconf 91' lang='lat'><em>,</em></span> <span class='ocrx_word' id='word_1_286' title='bbox 1668 1628 1742 1655; x_wconf 88' lang='lat' dir='ltr'>nec</span> 
     </span>
     <span class='ocr_line' id='line_1_28' title="bbox 144 1668 1743 1728; baseline 0.002 -17"><span class='ocrx_word' id='word_1_287' title='bbox 144 1668 276 1711; x_wconf 85' lang='lat' dir='ltr'>futura</span> <span class='ocrx_word' id='word_1_288' title='bbox 293 1670 534 1725; x_wconf 88' lang='lat' dir='ltr'>prospiciens</span> <span class='ocrx_word' id='word_1_289' title='bbox 553 1701 562 1714; x_wconf 94' lang='lat'><strong>‚</strong></span> <span class='ocrx_word' id='word_1_290' title='bbox 591 1685 662 1713; x_wconf 85' lang='lat' dir='ltr'>nec</span> <span class='ocrx_word' id='word_1_291' title='bbox 678 1677 963 1726; x_wconf 65' lang='lat' dir='ltr'>praeteritos-um</span> <span class='ocrx_word' id='word_1_292' title='bbox 977 1687 1122 1720; x_wconf 80' lang='lat' dir='ltr'>memor</span> <span class='ocrx_word' id='word_1_293' title='bbox 1146 1687 1156 1714; x_wconf 91' lang='lat'>:</span> <span class='ocrx_word' id='word_1_294' title='bbox 1181 1675 1222 1714; x_wconf 84' lang='lat'>&amp;</span> <span class='ocrx_word' id='word_1_295' title='bbox 1234 1672 1314 1714; x_wconf 69' lang='lat' dir='ltr'>fere</span> <span class='ocrx_word' id='word_1_296' title='bbox 1325 1674 1536 1723; x_wconf 66' lang='lat' dir='ltr'>mendaciis</span> <span class='ocrx_word' id='word_1_297' title='bbox 1550 1671 1743 1728; x_wconf 83' lang='lat' dir='ltr'>pascitur:</span> 
     </span>
     <span class='ocr_line' id='line_1_29' title="bbox 139 1726 1743 1785; baseline 0.002 -18"><span class='ocrx_word' id='word_1_298' title='bbox 139 1740 232 1768; x_wconf 84' lang='lat' dir='ltr'>vera</span> <span class='ocrx_word' id='word_1_299' title='bbox 247 1742 292 1767; x_wconf 88' lang='lat' dir='ltr'>an</span> <span class='ocrx_word' id='word_1_300' title='bbox 317 1726 403 1769; x_wconf 81' lang='lat' dir='ltr'>falsa</span> <span class='ocrx_word' id='word_1_301' title='bbox 417 1743 491 1784; x_wconf 85' lang='lat' dir='ltr'>pro</span> <span class='ocrx_word' id='word_1_302' title='bbox 516 1729 656 1769; x_wconf 88' lang='lat' dir='ltr'>eodem</span> <span class='ocrx_word' id='word_1_303' title='bbox 680 1731 803 1769; x_wconf 86' lang='lat' dir='ltr'>habet</span> <span class='ocrx_word' id='word_1_304' title='bbox 823 1743 833 1769; x_wconf 88' lang='lat'>:</span> <span class='ocrx_word' id='word_1_305' title='bbox 861 1727 949 1769; x_wconf 82' lang='lat' dir='ltr'>satis</span> <span class='ocrx_word' id='word_1_306' title='bbox 964 1733 1136 1768; x_wconf 75' lang='lat' dir='ltr'>nimirum</span> <span class='ocrx_word' id='word_1_307' title='bbox 1156 1729 1254 1784; x_wconf 86' lang='lat' dir='ltr'>ipsos</span> <span class='ocrx_word' id='word_1_308' title='bbox 1265 1730 1453 1782; x_wconf 86' lang='lat' dir='ltr'>placitura</span> <span class='ocrx_word' id='word_1_309' title='bbox 1468 1729 1611 1770; x_wconf 71' lang='lat' dir='ltr'>dedisse</span> <span class='ocrx_word' id='word_1_310' title='bbox 1627 1759 1638 1775; x_wconf 84' lang='lat'>‚</span> <span class='ocrx_word' id='word_1_311' title='bbox 1657 1744 1743 1785; x_wconf 85' lang='lat' dir='ltr'>quae</span> 
     </span>
     <span class='ocr_line' id='line_1_30' title="bbox 140 1782 1742 1842; baseline 0.001 -16"><span class='ocrx_word' id='word_1_312' title='bbox 140 1797 233 1826; x_wconf 88' lang='lat' dir='ltr'>cum</span> <span class='ocrx_word' id='word_1_313' title='bbox 247 1782 326 1825; x_wconf 72' lang='lat' dir='ltr'>sere</span> <span class='ocrx_word' id='word_1_314' title='bbox 337 1782 485 1824; x_wconf 75' lang='lat' dir='ltr'>facilius</span> <span class='ocrx_word' id='word_1_315' title='bbox 497 1785 712 1824; x_wconf 83' lang='lat' dir='ltr'>credantur</span> <span class='ocrx_word' id='word_1_316' title='bbox 723 1807 735 1826; x_wconf 73' lang='grc'><strong><em>,</em></strong></span> <span class='ocrx_word' id='word_1_317' title='bbox 750 1782 1051 1839; x_wconf 84' lang='lat' dir='ltr'>foecundiusque</span> <span class='ocrx_word' id='word_1_318' title='bbox 1065 1783 1217 1840; x_wconf 86' lang='lat' dir='ltr'>serpant</span> <span class='ocrx_word' id='word_1_319' title='bbox 1228 1785 1298 1828; x_wconf 80' lang='lat' dir='ltr'>:fit</span> <span class='ocrx_word' id='word_1_320' title='bbox 1312 1799 1352 1826; x_wconf 93' lang='lat' dir='ltr'>vt</span> <span class='ocrx_word' id='word_1_321' title='bbox 1370 1801 1473 1830; x_wconf 82' lang='lat' dir='ltr'>vera,</span> <span class='ocrx_word' id='word_1_322' title='bbox 1492 1799 1672 1842; x_wconf 84' lang='lat' dir='ltr'>tanquam</span> <span class='ocrx_word' id='word_1_323' title='bbox 1687 1785 1742 1827; x_wconf 86' lang='lat' dir='ltr'>se-</span> 
     </span>
    </p>

    <p class='ocr_par' dir='ltr' id='par_1_5' title="bbox 71 1841 1741 2125">
     <span class='ocr_line' id='line_1_31' title="bbox 71 1841 1741 1902; baseline 0.001 -20"><span class='ocrx_word' id='word_1_324' title='bbox 71 1850 119 1902; x_wconf 64' lang='grc' dir='ltr'>Ε</span> <span class='ocrx_word' id='word_1_325' title='bbox 142 1848 242 1884; x_wconf 84' lang='lat' dir='ltr'>mina</span> <span class='ocrx_word' id='word_1_326' title='bbox 259 1841 363 1882; x_wconf 93' lang='lat' dir='ltr'>bona</span> <span class='ocrx_word' id='word_1_327' title='bbox 387 1865 397 1884; x_wconf 75' lang='lat'><em>2</em></span> <span class='ocrx_word' id='word_1_328' title='bbox 425 1852 520 1881; x_wconf 91' lang='lat' dir='ltr'>tunc</span> <span class='ocrx_word' id='word_1_329' title='bbox 539 1841 690 1882; x_wconf 82' lang='lat' dir='ltr'>demum</span> <span class='ocrx_word' id='word_1_330' title='bbox 707 1843 871 1895; x_wconf 86' lang='lat' dir='ltr'>primum</span> <span class='ocrx_word' id='word_1_331' title='bbox 887 1841 1211 1885; x_wconf 77' lang='lat' dir='ltr'>inserantur‚cum</span> <span class='ocrx_word' id='word_1_332' title='bbox 1226 1848 1434 1883; x_wconf 82' lang='lat' dir='ltr'>animorum</span> <span class='ocrx_word' id='word_1_333' title='bbox 1453 1857 1542 1897; x_wconf 86' lang='lat' dir='ltr'>ager</span> <span class='ocrx_word' id='word_1_334' title='bbox 1563 1855 1673 1884; x_wconf 89' lang='lat' dir='ltr'>totur</span> <span class='ocrx_word' id='word_1_335' title='bbox 1687 1847 1741 1884; x_wconf 85' lang='lat' dir='ltr'>zi·</span> 
     </span>
     <span class='ocr_line' id='line_1_32' title="bbox 138 1896 1741 1954; baseline 0.001 -13"><span class='ocrx_word' id='word_1_336' title='bbox 138 1902 263 1948; x_wconf 67' lang='lat' dir='ltr'>zanvjs</span> <span class='ocrx_word' id='word_1_337' title='bbox 277 1910 497 1953; x_wconf 88' lang='lat' dir='ltr'>occupatus</span> <span class='ocrx_word' id='word_1_338' title='bbox 511 1908 665 1939; x_wconf 89' lang='lat' dir='ltr'>tenetur</span> <span class='ocrx_word' id='word_1_339' title='bbox 679 1926 688 1940; x_wconf 86' lang='lat'><em>.</em></span> <span class='ocrx_word' id='word_1_340' title='bbox 706 1896 785 1937; x_wconf 87' lang='lat' dir='ltr'>sera</span> <span class='ocrx_word' id='word_1_341' title='bbox 803 1900 909 1937; x_wconf 89' lang='lat' dir='ltr'>nimis</span> <span class='ocrx_word' id='word_1_342' title='bbox 929 1898 1152 1945; x_wconf 84' lang='lat' dir='ltr'>prudentia.</span> <span class='ocrx_word' id='word_1_343' title='bbox 1183 1899 1308 1938; x_wconf 79' lang='lat' dir='ltr'>Prima</span> <span class='ocrx_word' id='word_1_344' title='bbox 1320 1897 1403 1939; x_wconf 89' lang='lat' dir='ltr'>sunt</span> <span class='ocrx_word' id='word_1_345' title='bbox 1417 1929 1426 1943; x_wconf 93' lang='lat'><strong>,</strong></span> <span class='ocrx_word' id='word_1_346' title='bbox 1441 1914 1526 1954; x_wconf 74' lang='lat' dir='ltr'>quae</span> <span class='ocrx_word' id='word_1_347' title='bbox 1543 1897 1679 1941; x_wconf 85' lang='lat' dir='ltr'>fortius</span> <span class='ocrx_word' id='word_1_348' title='bbox 1693 1902 1741 1942; x_wconf 87' lang='lat' dir='ltr'>il-</span> 
     </span>
     <span class='ocr_line' id='line_1_33' title="bbox 138 1953 1738 2012; baseline 0.001 -17"><span class='ocrx_word' id='word_1_349' title='bbox 138 1953 820 2009; x_wconf 78' lang='lat' dir='ltr'>labuntur&amp;mouent;quicumqi‘ie</span> <span class='ocrx_word' id='word_1_350' title='bbox 835 1954 1001 2008; x_wconf 82' lang='lat' dir='ltr'>proinde</span> <span class='ocrx_word' id='word_1_351' title='bbox 1015 1961 1156 2010; x_wconf 87' lang='lat' dir='ltr'>primus</span> <span class='ocrx_word' id='word_1_352' title='bbox 1168 1960 1384 2009; x_wconf 85' lang='lat' dir='ltr'>occupauit</span> <span class='ocrx_word' id='word_1_353' title='bbox 1402 1979 1413 1999; x_wconf 83' lang='lat'>‚</span> <span class='ocrx_word' id='word_1_354' title='bbox 1437 1960 1582 2008; x_wconf 89' lang='lat' dir='ltr'>primus</span> <span class='ocrx_word' id='word_1_355' title='bbox 1608 1956 1738 2012; x_wconf 81' lang='lat' dir='ltr'>poffe-</span> 
     </span>
     <span class='ocr_line' id='line_1_34' title="bbox 138 2009 1739 2070; baseline 0.001 -16"><span class='ocrx_word' id='word_1_356' title='bbox 138 2012 220 2057; x_wconf 79' lang='lat' dir='ltr'>dit,</span> <span class='ocrx_word' id='word_1_357' title='bbox 247 2026 315 2052; x_wconf 89' lang='lat' dir='ltr'>nec</span> <span class='ocrx_word' id='word_1_358' title='bbox 329 2011 377 2052; x_wconf 93' lang='lat' dir='ltr'>ab</span> <span class='ocrx_word' id='word_1_359' title='bbox 390 2013 460 2054; x_wconf 86' lang='lat' dir='ltr'>hac</span> <span class='ocrx_word' id='word_1_360' title='bbox 476 2009 704 2051; x_wconf 79' lang='lat' dir='ltr'>ooffeffione</span> <span class='ocrx_word' id='word_1_361' title='bbox 719 2010 1094 2052; x_wconf 73' lang='lat' dir='ltr'>falfiflimarumncet</span> <span class='ocrx_word' id='word_1_362' title='bbox 1122 2025 1244 2052; x_wconf 82' lang='lat' dir='ltr'>rerum</span> <span class='ocrx_word' id='word_1_363' title='bbox 1269 2011 1463 2068; x_wconf 86' lang='lat' dir='ltr'>quisquam</span> <span class='ocrx_word' id='word_1_364' title='bbox 1484 2013 1586 2054; x_wconf 89' lang='lat' dir='ltr'>illum</span> <span class='ocrx_word' id='word_1_365' title='bbox 1609 2015 1739 2070; x_wconf 87' lang='lat' dir='ltr'>repel-</span> 
     </span>
     <span class='ocr_line' id='line_1_35' title="bbox 139 2067 1738 2125; baseline 0.003 -15"><span class='ocrx_word' id='word_1_366' title='bbox 139 2069 222 2111; x_wconf 79' lang='lat' dir='ltr'>let:</span> <span class='ocrx_word' id='word_1_367' title='bbox 240 2079 387 2110; x_wconf 84' lang='lat' dir='ltr'>tantum</span> <span class='ocrx_word' id='word_1_368' title='bbox 400 2069 501 2110; x_wconf 84' lang='lat' dir='ltr'>valet</span> <span class='ocrx_word' id='word_1_369' title='bbox 517 2081 658 2110; x_wconf 87' lang='lat' dir='ltr'>vacuos</span> <span class='ocrx_word' id='word_1_370' title='bbox 681 2090 693 2112; x_wconf 82' lang='lat'>‚</span> <span class='ocrx_word' id='word_1_371' title='bbox 720 2068 763 2109; x_wconf 65' lang='grc' dir='ltr'>ὃς</span> <span class='ocrx_word' id='word_1_372' title='bbox 792 2073 844 2110; x_wconf 86' lang='lat' dir='ltr'>ad</span> <span class='ocrx_word' id='word_1_373' title='bbox 865 2067 1064 2110; x_wconf 78' lang='lat' dir='ltr'>amicafibi</span> <span class='ocrx_word' id='word_1_374' title='bbox 1084 2082 1234 2124; x_wconf 84' lang='lat' dir='ltr'>pronos</span> <span class='ocrx_word' id='word_1_375' title='bbox 1244 2070 1424 2125; x_wconf 86' lang='lat' dir='ltr'>plebeios</span> <span class='ocrx_word' id='word_1_376' title='bbox 1451 2075 1596 2112; x_wconf 84' lang='lat' dir='ltr'>animos</span> <span class='ocrx_word' id='word_1_377' title='bbox 1617 2085 1738 2115; x_wconf 87' lang='lat' dir='ltr'>occu-</span> 
     </span>
    </p>

    <p class='ocr_par' dir='ltr' id='par_1_6' title="bbox 175 2126 271 2168">
     <span class='ocr_line' id='line_1_36' title="bbox 175 2126 271 2168; baseline -0.01 0"><span class='ocrx_word' id='word_1_378' title='bbox 175 2126 248 2168; x_wconf 82' lang='lat' dir='ltr'>affe</span> <span class='ocrx_word' id='word_1_379' title='bbox 260 2157 271 2167; x_wconf 90' lang='lat'><strong>.</strong></span> 
     </span>
    </p>

    <p class='ocr_par' dir='ltr' id='par_1_7' title="bbox 137 2140 1737 2625">
     <span class='ocr_line' id='line_1_37' title="bbox 140 2140 1735 2243; baseline 0.003 -19"><span class='ocrx_word' id='word_1_380' title='bbox 140 2140 171 2183; x_wconf 67' lang='grc' dir='ltr'>Ρ</span> <span class='ocrx_word' id='word_1_381' title='bbox 201 2183 311 2224; x_wconf 84' lang='lat' dir='ltr'>Nihil</span> <span class='ocrx_word' id='word_1_382' title='bbox 329 2197 423 2224; x_wconf 86' lang='lat' dir='ltr'>vero</span> <span class='ocrx_word' id='word_1_383' title='bbox 437 2184 602 2224; x_wconf 84' lang='lat' dir='ltr'>medium</span> <span class='ocrx_word' id='word_1_384' title='bbox 616 2185 650 2223; x_wconf 89' lang='lat' dir='ltr'>in</span> <span class='ocrx_word' id='word_1_385' title='bbox 668 2182 841 2236; x_wconf 81' lang='lat' dir='ltr'>Populo:</span> <span class='ocrx_word' id='word_1_386' title='bbox 859 2193 923 2225; x_wconf 86' lang='lat' dir='ltr'>aut</span> <span class='ocrx_word' id='word_1_387' title='bbox 938 2184 1037 2224; x_wconf 85' lang='lat' dir='ltr'>enim</span> <span class='ocrx_word' id='word_1_388' title='bbox 1054 2183 1201 2225; x_wconf 61' lang='lat' dir='ltr'>abieci&amp;</span> <span class='ocrx_word' id='word_1_389' title='bbox 1211 2183 1327 2226; x_wconf 84' lang='lat' dir='ltr'>seruit</span> <span class='ocrx_word' id='word_1_390' title='bbox 1341 2198 1350 2226; x_wconf 93' lang='lat'><strong>:</strong></span> <span class='ocrx_word' id='word_1_391' title='bbox 1366 2194 1430 2226; x_wconf 90' lang='lat' dir='ltr'>aut</span> <span class='ocrx_word' id='word_1_392' title='bbox 1441 2183 1603 2240; x_wconf 69' lang='lat' dir='ltr'>superbe-</span> <span class='ocrx_word' id='word_1_393' title='bbox 1614 2189 1735 2243; x_wconf 86' lang='lat' dir='ltr'>impe·</span> 
     </span>
     <span class='ocr_line' id='line_1_38' title="bbox 137 2240 1737 2297; baseline 0.003 -16"><span class='ocrx_word' id='word_1_394' title='bbox 137 2253 203 2283; x_wconf 68' lang='lat' dir='ltr'>tat</span> <span class='ocrx_word' id='word_1_395' title='bbox 217 2256 228 2287; x_wconf 90' lang='lat'>;</span> <span class='ocrx_word' id='word_1_396' title='bbox 244 2252 284 2281; x_wconf 87' lang='lat' dir='ltr'>vt</span> <span class='ocrx_word' id='word_1_397' title='bbox 296 2242 381 2281; x_wconf 77' lang='lat' dir='ltr'>vere</span> <span class='ocrx_word' id='word_1_398' title='bbox 399 2243 584 2283; x_wconf 78' lang='lat' dir='ltr'>Tacitus:</span> <span class='ocrx_word' id='word_1_399' title='bbox 615 2240 733 2280; x_wconf 77' lang='lat' dir='ltr'>Nihil</span> <span class='ocrx_word' id='word_1_400' title='bbox 740 2244 777 2279; x_wconf 80' lang='lat' dir='ltr'>in</span> <span class='ocrx_word' id='word_1_401' title='bbox 788 2242 899 2294; x_wconf 82' lang='lat' dir='ltr'>vulgo</span> <span class='ocrx_word' id='word_1_402' title='bbox 913 2242 1107 2286; x_wconf 86' lang='lat' dir='ltr'>modicum,</span> <span class='ocrx_word' id='word_1_403' title='bbox 1120 2252 1276 2286; x_wconf 82' lang='lat' dir='ltr'>terrere,</span> <span class='ocrx_word' id='word_1_404' title='bbox 1290 2241 1374 2293; x_wconf 78' lang='lat' dir='ltr'>nist,</span> <span class='ocrx_word' id='word_1_405' title='bbox 1382 2253 1564 2296; x_wconf 80' lang='lat' dir='ltr'>paucam:</span> <span class='ocrx_word' id='word_1_406' title='bbox 1577 2244 1737 2297; x_wconf 79' lang='lat' dir='ltr'>vbiper·</span> 
     </span>
     <span class='ocr_line' id='line_1_39' title="bbox 138 2298 1734 2355; baseline 0.003 -15"><span class='ocrx_word' id='word_1_407' title='bbox 138 2303 322 2340; x_wconf 66' lang='lat' dir='ltr'>tinuerint</span> <span class='ocrx_word' id='word_1_408' title='bbox 334 2299 501 2351; x_wconf 66' lang='lat' dir='ltr'>,impunb</span> <span class='ocrx_word' id='word_1_409' title='bbox 515 2300 714 2339; x_wconf 79' lang='lat' dir='ltr'>contemni.</span> <span class='ocrx_word' id='word_1_410' title='bbox 735 2300 961 2340; x_wconf 79' lang='lat' dir='ltr'>Faemineum</span> <span class='ocrx_word' id='word_1_411' title='bbox 974 2303 1009 2339; x_wconf 92' lang='lat' dir='ltr'>in</span> <span class='ocrx_word' id='word_1_412' title='bbox 1025 2299 1178 2354; x_wconf 88' lang='lat' dir='ltr'>populo</span> <span class='ocrx_word' id='word_1_413' title='bbox 1196 2301 1330 2354; x_wconf 75' lang='lat' dir='ltr'>pestus</span> <span class='ocrx_word' id='word_1_414' title='bbox 1344 2329 1353 2344; x_wconf 89' lang='lat'>‚</span> <span class='ocrx_word' id='word_1_415' title='bbox 1369 2298 1734 2355; x_wconf 79' lang='lat' dir='ltr'>autignauescit,aut</span> 
     </span>
     <span class='ocr_line' id='line_1_40' title="bbox 139 2353 1734 2413; baseline 0.001 -16"><span class='ocrx_word' id='word_1_416' title='bbox 139 2353 560 2409; x_wconf 71' lang='lat' dir='ltr'>saeuit1suspicffonibus</span> <span class='ocrx_word' id='word_1_417' title='bbox 576 2369 669 2396; x_wconf 85' lang='lat' dir='ltr'>vero</span> <span class='ocrx_word' id='word_1_418' title='bbox 681 2354 855 2396; x_wconf 80' lang='lat' dir='ltr'>muliebri</span> <span class='ocrx_word' id='word_1_419' title='bbox 871 2371 973 2397; x_wconf 88' lang='lat' dir='ltr'>more</span> <span class='ocrx_word' id='word_1_420' title='bbox 986 2385 996 2401; x_wconf 86' lang='lat'>‚</span> <span class='ocrx_word' id='word_1_421' title='bbox 1013 2369 1194 2412; x_wconf 85' lang='lat' dir='ltr'>tanquam</span> <span class='ocrx_word' id='word_1_422' title='bbox 1211 2354 1734 2413; x_wconf 75' lang='lat' dir='ltr'>fluminibusinnatatzmini·</span> 
     </span>
     <span class='ocr_line' id='line_1_41' title="bbox 138 2412 1730 2468; baseline 0.004 -17"><span class='ocrx_word' id='word_1_423' title='bbox 138 2414 276 2454; x_wconf 77' lang='lat' dir='ltr'>maeilli</span> <span class='ocrx_word' id='word_1_424' title='bbox 288 2427 346 2452; x_wconf 77' lang='lat' dir='ltr'>res</span> <span class='ocrx_word' id='word_1_425' title='bbox 361 2414 553 2458; x_wconf 74' lang='lat' dir='ltr'>maximae,</span> <span class='ocrx_word' id='word_1_426' title='bbox 567 2413 610 2453; x_wconf 90' lang='lat'>&amp;</span> <span class='ocrx_word' id='word_1_427' title='bbox 625 2423 805 2468; x_wconf 84' lang='lat' dir='ltr'>tanquam</span> <span class='ocrx_word' id='word_1_428' title='bbox 817 2412 908 2455; x_wconf 70' lang='lat' dir='ltr'>iaesae</span> <span class='ocrx_word' id='word_1_429' title='bbox 926 2413 1125 2455; x_wconf 80' lang='lat' dir='ltr'>maiestatis</span> <span class='ocrx_word' id='word_1_430' title='bbox 1136 2416 1296 2456; x_wconf 87' lang='lat' dir='ltr'>crimina</span> <span class='ocrx_word' id='word_1_431' title='bbox 1307 2413 1415 2460; x_wconf 85' lang='lat' dir='ltr'>sunt;</span> <span class='ocrx_word' id='word_1_432' title='bbox 1433 2426 1509 2456; x_wconf 88' lang='lat' dir='ltr'>tam</span> <span class='ocrx_word' id='word_1_433' title='bbox 1523 2415 1675 2456; x_wconf 88' lang='lat' dir='ltr'>calidus</span> <span class='ocrx_word' id='word_1_434' title='bbox 1690 2417 1730 2457; x_wconf 83' lang='lat' dir='ltr'>in</span> 
     </span>
     <span class='ocr_line' id='line_1_42' title="bbox 144 2465 1735 2528; baseline 0 -19"><span class='ocrx_word' id='word_1_435' title='bbox 144 2465 308 2513; x_wconf 71' lang='lat' dir='ltr'>ferrum,</span> <span class='ocrx_word' id='word_1_436' title='bbox 320 2482 433 2524; x_wconf 85' lang='lat' dir='ltr'>quam</span> <span class='ocrx_word' id='word_1_437' title='bbox 451 2473 488 2510; x_wconf 87' lang='lat' dir='ltr'>in</span> <span class='ocrx_word' id='word_1_438' title='bbox 502 2473 619 2511; x_wconf 87' lang='lat' dir='ltr'>minas</span> <span class='ocrx_word' id='word_1_439' title='bbox 632 2471 668 2510; x_wconf 88' lang='lat'>&amp;</span> <span class='ocrx_word' id='word_1_440' title='bbox 685 2467 917 2524; x_wconf 85' lang='lat' dir='ltr'>suspiciones</span> <span class='ocrx_word' id='word_1_441' title='bbox 930 2499 939 2508; x_wconf 89' lang='lat'><strong><em>.</em></strong></span> <span class='ocrx_word' id='word_1_442' title='bbox 958 2474 1014 2512; x_wconf 87' lang='lat' dir='ltr'>lta</span> <span class='ocrx_word' id='word_1_443' title='bbox 1028 2471 1313 2528; x_wconf 77' lang='lat' dir='ltr'>ingratitudine,</span> <span class='ocrx_word' id='word_1_444' title='bbox 1331 2472 1595 2513; x_wconf 87' lang='lat' dir='ltr'>&amp;inuidentia</span> <span class='ocrx_word' id='word_1_445' title='bbox 1610 2476 1735 2526; x_wconf 84' lang='lat' dir='ltr'>graui.</span> 
     </span>
     <span class='ocr_line' id='line_1_43' title="bbox 141 2524 1732 2584; baseline 0.004 -18"><span class='ocrx_word' id='word_1_446' title='bbox 141 2526 233 2566; x_wconf 89' lang='lat' dir='ltr'>dum</span> <span class='ocrx_word' id='word_1_447' title='bbox 246 2524 473 2567; x_wconf 83' lang='lat' dir='ltr'>circumfert</span> <span class='ocrx_word' id='word_1_448' title='bbox 489 2528 644 2582; x_wconf 72' lang='lat' dir='ltr'>pestus:</span> <span class='ocrx_word' id='word_1_449' title='bbox 657 2531 792 2581; x_wconf 88' lang='lat' dir='ltr'>punire</span> <span class='ocrx_word' id='word_1_450' title='bbox 806 2531 844 2568; x_wconf 88' lang='lat' dir='ltr'>in</span> <span class='ocrx_word' id='word_1_451' title='bbox 859 2528 932 2569; x_wconf 86' lang='lat' dir='ltr'>alio</span> <span class='ocrx_word' id='word_1_452' title='bbox 944 2531 1242 2584; x_wconf 73' lang='lat' dir='ltr'>imprudentiam</span> <span class='ocrx_word' id='word_1_453' title='bbox 1254 2531 1350 2570; x_wconf 79' lang='lat' dir='ltr'>luam</span> <span class='ocrx_word' id='word_1_454' title='bbox 1371 2527 1452 2570; x_wconf 85' lang='lat' dir='ltr'>vult</span> <span class='ocrx_word' id='word_1_455' title='bbox 1468 2557 1480 2574; x_wconf 90' lang='lat'>‚</span> <span class='ocrx_word' id='word_1_456' title='bbox 1505 2530 1732 2584; x_wconf 69' lang='lat' dir='ltr'>praemiare)</span> 
     </span>
     <span class='ocr_line' id='line_1_44' title="bbox 145 2581 745 2625; baseline 0.005 -3"><span class='ocrx_word' id='word_1_457' title='bbox 145 2582 301 2623; x_wconf 75' lang='lat' dir='ltr'>alterius</span> <span class='ocrx_word' id='word_1_458' title='bbox 313 2581 630 2624; x_wconf 83' lang='lat' dir='ltr'>felicitatem-non</span> <span class='ocrx_word' id='word_1_459' title='bbox 645 2584 745 2625; x_wconf 90' lang='lat' dir='ltr'>vult.</span> 
     </span>
    </p>

    <p class='ocr_par' dir='ltr' id='par_1_8' title="bbox 200 2639 1734 2696">
     <span class='ocr_line' id='line_1_45' title="bbox 200 2639 1734 2696; baseline 0.005 -19"><span class='ocrx_word' id='word_1_460' title='bbox 200 2639 311 2694; x_wconf 86' lang='lat' dir='ltr'>Vulgi</span> <span class='ocrx_word' id='word_1_461' title='bbox 330 2641 372 2680; x_wconf 86' lang='lat'>&amp;</span> <span class='ocrx_word' id='word_1_462' title='bbox 388 2641 533 2695; x_wconf 80' lang='lat' dir='ltr'>Popu⁴i</span> <span class='ocrx_word' id='word_1_463' title='bbox 547 2654 764 2696; x_wconf 86' lang='lat' dir='ltr'>quanquam</span> <span class='ocrx_word' id='word_1_464' title='bbox 777 2639 924 2696; x_wconf 87' lang='lat' dir='ltr'>semper</span> <span class='ocrx_word' id='word_1_465' title='bbox 934 2639 1012 2682; x_wconf 71' lang='lat' dir='ltr'>fere</span> <span class='ocrx_word' id='word_1_466' title='bbox 1023 2645 1115 2693; x_wconf 87' lang='lat' dir='ltr'>varij</span> <span class='ocrx_word' id='word_1_467' title='bbox 1132 2642 1449 2685; x_wconf 84' lang='lat' dir='ltr'>&amp;inconstantes</span> <span class='ocrx_word' id='word_1_468' title='bbox 1461 2639 1602 2684; x_wconf 84' lang='lat' dir='ltr'>fuerint</span> <span class='ocrx_word' id='word_1_469' title='bbox 1618 2644 1734 2685; x_wconf 81' lang='lat' dir='ltr'>animi</span> 
     </span>
    </p>

    <p class='ocr_par' dir='ltr' id='par_1_9' title="bbox 52 2691 1737 2924">
     <span class='ocr_line' id='line_1_46' title="bbox 52 2691 1734 2760; baseline 0.005 -27"><span class='ocrx_word' id='word_1_470' title='bbox 52 2691 109 2760; x_wconf 61' lang='grc' dir='ltr'>θ’</span> <span class='ocrx_word' id='word_1_471' title='bbox 143 2707 289 2741; x_wconf 84' lang='lat' dir='ltr'>motus,</span> <span class='ocrx_word' id='word_1_472' title='bbox 306 2707 346 2735; x_wconf 85' lang='lat' dir='ltr'>vt</span> <span class='ocrx_word' id='word_1_473' title='bbox 359 2697 539 2743; x_wconf 69' lang='lat' dir='ltr'>vidimus;</span> <span class='ocrx_word' id='word_1_474' title='bbox 556 2712 633 2738; x_wconf 90' lang='lat' dir='ltr'>non</span> <span class='ocrx_word' id='word_1_475' title='bbox 651 2696 699 2738; x_wconf 85' lang='lat' dir='ltr'>fic</span> <span class='ocrx_word' id='word_1_476' title='bbox 719 2696 929 2750; x_wconf 87' lang='lat' dir='ltr'>priscorum</span> <span class='ocrx_word' id='word_1_477' title='bbox 945 2702 1208 2742; x_wconf 82' lang='lat' dir='ltr'>Romanorum</span> <span class='ocrx_word' id='word_1_478' title='bbox 1239 2701 1397 2740; x_wconf 88' lang='lat' dir='ltr'>comitia</span> <span class='ocrx_word' id='word_1_479' title='bbox 1416 2729 1426 2744; x_wconf 93' lang='lat'><em>‚</em></span> <span class='ocrx_word' id='word_1_480' title='bbox 1450 2699 1492 2740; x_wconf 87' lang='lat'>&amp;</span> <span class='ocrx_word' id='word_1_481' title='bbox 1512 2699 1734 2755; x_wconf 83' lang='lat' dir='ltr'>congressus</span> 
     </span>
     <span class='ocr_line' id='line_1_47' title="bbox 140 2751 1737 2812; baseline 0.004 -19"><span class='ocrx_word' id='word_1_482' title='bbox 140 2751 249 2794; x_wconf 82' lang='lat' dir='ltr'>fuere</span> <span class='ocrx_word' id='word_1_483' title='bbox 265 2782 275 2797; x_wconf 86' lang='lat'>‚</span> <span class='ocrx_word' id='word_1_484' title='bbox 290 2754 379 2794; x_wconf 86' lang='lat' dir='ltr'>dum</span> <span class='ocrx_word' id='word_1_485' title='bbox 394 2753 504 2797; x_wconf 86' lang='lat' dir='ltr'>solius</span> <span class='ocrx_word' id='word_1_486' title='bbox 515 2757 684 2799; x_wconf 85' lang='lat' dir='ltr'>virtutis,</span> <span class='ocrx_word' id='word_1_487' title='bbox 701 2756 743 2795; x_wconf 71' lang='grc' dir='ltr'>ὃ(</span> <span class='ocrx_word' id='word_1_488' title='bbox 758 2755 927 2810; x_wconf 77' lang='lat' dir='ltr'>publicae</span> <span class='ocrx_word' id='word_1_489' title='bbox 940 2753 1061 2799; x_wconf 85' lang='lat' dir='ltr'>salutis</span> <span class='ocrx_word' id='word_1_490' title='bbox 1071 2756 1228 2812; x_wconf 90' lang='lat' dir='ltr'>scopum</span> <span class='ocrx_word' id='word_1_491' title='bbox 1242 2771 1322 2811; x_wconf 85' lang='lat' dir='ltr'>prae</span> <span class='ocrx_word' id='word_1_492' title='bbox 1339 2757 1466 2798; x_wconf 85' lang='lat' dir='ltr'>oculis</span> <span class='ocrx_word' id='word_1_493' title='bbox 1485 2755 1534 2797; x_wconf 89' lang='lat' dir='ltr'>illi</span> <span class='ocrx_word' id='word_1_494' title='bbox 1558 2768 1737 2799; x_wconf 79' lang='lat' dir='ltr'>tantum..</span> 
     </span>
     <span class='ocr_line' id='line_1_48' title="bbox 142 2809 1732 2871; baseline 0.003 -21"><span class='ocrx_word' id='word_1_495' title='bbox 142 2809 332 2852; x_wconf 81' lang='lat' dir='ltr'>haberent</span> <span class='ocrx_word' id='word_1_496' title='bbox 346 2812 478 2852; x_wconf 80' lang='lat' dir='ltr'>:nuno</span> <span class='ocrx_word' id='word_1_497' title='bbox 493 2814 690 2856; x_wconf 81' lang='lat' dir='ltr'>nationum</span> <span class='ocrx_word' id='word_1_498' title='bbox 706 2826 764 2852; x_wconf 63' lang='lat' dir='ltr'>ves</span> <span class='ocrx_word' id='word_1_499' title='bbox 779 2810 962 2868; x_wconf 81' lang='lat' dir='ltr'>sanguinis</span> <span class='ocrx_word' id='word_1_500' title='bbox 979 2813 1193 2855; x_wconf 87' lang='lat' dir='ltr'>discrimine</span> <span class='ocrx_word' id='word_1_501' title='bbox 1205 2813 1343 2855; x_wconf 85' lang='lat' dir='ltr'>habito</span> <span class='ocrx_word' id='word_1_502' title='bbox 1370 2828 1383 2854; x_wconf 92' lang='lat'>.·</span> <span class='ocrx_word' id='word_1_503' title='bbox 1402 2817 1536 2871; x_wconf 82' lang='lat' dir='ltr'>ignaua</span> <span class='ocrx_word' id='word_1_504' title='bbox 1548 2813 1732 2870; x_wconf 85' lang='lat' dir='ltr'>siquidem</span> 
     </span>
     <span class='ocr_line' id='line_1_49' title="bbox 142 2868 1430 2924; baseline 0.004 -16"><span class='ocrx_word' id='word_1_505' title='bbox 142 2868 350 2910; x_wconf 78' lang='lat' dir='ltr'>nobilitate</span> <span class='ocrx_word' id='word_1_506' title='bbox 364 2868 454 2909; x_wconf 87' lang='lat' dir='ltr'>nihil</span> <span class='ocrx_word' id='word_1_507' title='bbox 469 2874 640 2924; x_wconf 80' lang='lat' dir='ltr'>turpius,</span> <span class='ocrx_word' id='word_1_508' title='bbox 656 2868 748 2910; x_wconf 85' lang='lat' dir='ltr'>nihil</span> <span class='ocrx_word' id='word_1_509' title='bbox 760 2870 1054 2911; x_wconf 89' lang='lat' dir='ltr'>abominabilius</span> <span class='ocrx_word' id='word_1_510' title='bbox 1067 2870 1218 2912; x_wconf 74' lang='lat' dir='ltr'>fuitillis</span> <span class='ocrx_word' id='word_1_511' title='bbox 1234 2903 1243 2913; x_wconf 88' lang='lat'><strong>.</strong></span> <span class='ocrx_word' id='word_1_512' title='bbox 1428 2885 1430 2887; x_wconf 70' lang='grc'><strong><em>’</em></strong></span> 
     </span>
    </p>

    <p class='ocr_par' dir='ltr' id='par_1_10' title="bbox 139 2913 1991 3312">
     <span class='ocr_line' id='line_1_50' title="bbox 201 2913 1991 2992; baseline 0.002 -28"><span class='ocrx_word' id='word_1_513' title='bbox 201 2927 400 2977; x_wconf 78' lang='lat' dir='ltr'>Quoniam</span> <span class='ocrx_word' id='word_1_514' title='bbox 418 2926 466 2966; x_wconf 92' lang='lat' dir='ltr'>de</span> <span class='ocrx_word' id='word_1_515' title='bbox 478 2928 657 2977; x_wconf 85' lang='lat' dir='ltr'>Comitijs</span> <span class='ocrx_word' id='word_1_516' title='bbox 677 2927 939 2967; x_wconf 87' lang='lat' dir='ltr'>Romanorum</span> <span class='ocrx_word' id='word_1_517' title='bbox 955 2928 1026 2967; x_wconf 88' lang='lat' dir='ltr'>iam</span> <span class='ocrx_word' id='word_1_518' title='bbox 1043 2929 1206 2969; x_wconf 83' lang='lat' dir='ltr'>diximus</span> <span class='ocrx_word' id='word_1_519' title='bbox 1226 2944 1237 2974; x_wconf 91' lang='lat'>;</span> <span class='ocrx_word' id='word_1_520' title='bbox 1264 2929 1307 2969; x_wconf 73' lang='grc' dir='ltr'>δε</span> <span class='ocrx_word' id='word_1_521' title='bbox 1321 2940 1407 2969; x_wconf 81' lang='lat' dir='ltr'>oum</span> <span class='ocrx_word' id='word_1_522' title='bbox 1420 2931 1456 2969; x_wconf 90' lang='lat' dir='ltr'>in</span> <span class='ocrx_word' id='word_1_523' title='bbox 1471 2927 1647 2969; x_wconf 77' lang='lat' dir='ltr'>similibus</span> <span class='ocrx_word' id='word_1_524' title='bbox 1661 2927 1736 2970; x_wconf 80' lang='lat' dir='ltr'>ho-</span> <span class='ocrx_word' id='word_1_525' title='bbox 1759 2919 1936 2992; x_wconf 46' lang='lat' dir='ltr'>ssse&#39;ssmss‘fizg</span> <span class='ocrx_word' id='word_1_526' title='bbox 1945 2913 1991 2982; x_wconf 45' lang='grc' dir='ltr'>ᾗ</span> 
     </span>
     <span class='ocr_line' id='line_1_51' title="bbox 141 2982 1962 3039; baseline 0.003 -17"><span class='ocrx_word' id='word_1_527' title='bbox 141 2984 285 3023; x_wconf 83' lang='lat' dir='ltr'>minum</span> <span class='ocrx_word' id='word_1_528' title='bbox 300 2982 471 3024; x_wconf 84' lang='lat' dir='ltr'>coetibus</span> <span class='ocrx_word' id='word_1_529' title='bbox 486 2994 525 3024; x_wconf 85' lang='lat' dir='ltr'>vt</span> <span class='ocrx_word' id='word_1_530' title='bbox 535 2984 739 3039; x_wconf 81' lang='lat' dir='ltr'>plurimum</span> <span class='ocrx_word' id='word_1_531' title='bbox 759 2985 880 3024; x_wconf 86' lang='lat' dir='ltr'>Ratio</span> <span class='ocrx_word' id='word_1_532' title='bbox 895 2984 1008 3024; x_wconf 86' lang='lat' dir='ltr'>status</span> <span class='ocrx_word' id='word_1_533' title='bbox 1026 2987 1234 3038; x_wconf 83' lang='lat' dir='ltr'>praeualeat</span> <span class='ocrx_word' id='word_1_534' title='bbox 1249 2989 1290 3027; x_wconf 85' lang='lat' dir='ltr'>1u</span> <span class='ocrx_word' id='word_1_535' title='bbox 1299 2985 1351 3026; x_wconf 80' lang='lat' dir='ltr'>sto</span> <span class='ocrx_word' id='word_1_536' title='bbox 1374 3000 1383 3026; x_wconf 85' lang='lat'><strong>:</strong></span> <span class='ocrx_word' id='word_1_537' title='bbox 1405 2984 1514 3026; x_wconf 77' lang='lat' dir='ltr'>lubet</span> <span class='ocrx_word' id='word_1_538' title='bbox 1527 2985 1592 3027; x_wconf 85' lang='lat' dir='ltr'>hic</span> <span class='ocrx_word' id='word_1_539' title='bbox 1609 2987 1735 3039; x_wconf 89' lang='lat' dir='ltr'>inqui-</span> <span class='ocrx_word' id='word_1_540' title='bbox 1766 2997 1843 3023; x_wconf 62' lang='lat' dir='ltr'>Ram</span> <span class='ocrx_word' id='word_1_541' title='bbox 1855 2997 1962 3023; x_wconf 70' lang='lat' dir='ltr'>Statm·</span> 
     </span>
     <span class='ocr_line' id='line_1_52' title="bbox 139 3039 1736 3097; baseline 0.004 -19"><span class='ocrx_word' id='word_1_542' title='bbox 139 3053 229 3079; x_wconf 84' lang='lat' dir='ltr'>rere</span> <span class='ocrx_word' id='word_1_543' title='bbox 244 3041 482 3096; x_wconf 75' lang='lat' dir='ltr'>damna,quae</span> <span class='ocrx_word' id='word_1_544' title='bbox 502 3041 747 3092; x_wconf 82' lang='lat' dir='ltr'>Reipublicae</span> <span class='ocrx_word' id='word_1_545' title='bbox 761 3039 895 3081; x_wconf 84' lang='lat' dir='ltr'>afferat</span> <span class='ocrx_word' id='word_1_546' title='bbox 911 3042 993 3080; x_wconf 87' lang='lat' dir='ltr'>haec</span> <span class='ocrx_word' id='word_1_547' title='bbox 1012 3041 1131 3082; x_wconf 85' lang='lat' dir='ltr'>Ratio</span> <span class='ocrx_word' id='word_1_548' title='bbox 1147 3043 1262 3084; x_wconf 87' lang='lat' dir='ltr'>status</span> <span class='ocrx_word' id='word_1_549' title='bbox 1276 3072 1285 3086; x_wconf 88' lang='lat'>,</span> <span class='ocrx_word' id='word_1_550' title='bbox 1300 3056 1384 3097; x_wconf 83' lang='lat' dir='ltr'>quae</span> <span class='ocrx_word' id='word_1_551' title='bbox 1400 3042 1453 3082; x_wconf 87' lang='lat' dir='ltr'>est</span> <span class='ocrx_word' id='word_1_552' title='bbox 1465 3042 1600 3084; x_wconf 86' lang='lat' dir='ltr'>haerefi</span> <span class='ocrx_word' id='word_1_553' title='bbox 1622 3045 1736 3085; x_wconf 83' lang='lat' dir='ltr'>?Pro—</span> 
     </span>
     <span class='ocr_line' id='line_1_53' title="bbox 141 3095 1738 3157; baseline 0.002 -21"><span class='ocrx_word' id='word_1_554' title='bbox 141 3095 262 3151; x_wconf 49' lang='lat' dir='ltr'>phora</span> <span class='ocrx_word' id='word_1_555' title='bbox 279 3098 451 3138; x_wconf 77' lang='lat' dir='ltr'>ieremias</span> <span class='ocrx_word' id='word_1_556' title='bbox 466 3110 593 3151; x_wconf 91' lang='lat' dir='ltr'>cap.9.</span> <span class='ocrx_word' id='word_1_557' title='bbox 607 3097 809 3152; x_wconf 87' lang='lat' dir='ltr'>postquam</span> <span class='ocrx_word' id='word_1_558' title='bbox 821 3099 1080 3154; x_wconf 87' lang='lat' dir='ltr'>ingemuerat:</span> <span class='ocrx_word' id='word_1_559' title='bbox 1094 3099 1195 3157; x_wconf 47' lang='grc' dir='ltr'>ἔξω]</span> <span class='ocrx_word' id='word_1_560' title='bbox 1210 3100 1314 3139; x_wconf 85' lang='lat' dir='ltr'>dabit</span> <span class='ocrx_word' id='word_1_561' title='bbox 1325 3102 1522 3151; x_wconf 79' lang='lat' dir='ltr'>capitimeo</span> <span class='ocrx_word' id='word_1_562' title='bbox 1531 3113 1678 3153; x_wconf 84' lang='lat' dir='ltr'>aquam,</span> <span class='ocrx_word' id='word_1_563' title='bbox 1691 3102 1738 3145; x_wconf 70' lang='grc' dir='ltr'>ά·</span> 
     </span>
     <span class='ocr_line' id='line_1_54' title="bbox 142 3153 1742 3212; baseline 0.003 -20"><span class='ocrx_word' id='word_1_564' title='bbox 142 3154 250 3193; x_wconf 83' lang='lat' dir='ltr'>oculis</span> <span class='ocrx_word' id='word_1_565' title='bbox 265 3154 493 3206; x_wconf 69' lang='lat' dir='ltr'>meisfintem</span> <span class='ocrx_word' id='word_1_566' title='bbox 510 3155 749 3210; x_wconf 84' lang='lat' dir='ltr'>lacrymarum</span> <span class='ocrx_word' id='word_1_567' title='bbox 762 3160 778 3193; x_wconf 69' lang='grc' dir='ltr'><strong><em>ἒ</em></strong></span> <span class='ocrx_word' id='word_1_568' title='bbox 806 3155 853 3197; x_wconf 66' lang='lat'>&amp;⁶</span> <span class='ocrx_word' id='word_1_569' title='bbox 872 3154 1025 3204; x_wconf 82' lang='lat' dir='ltr'>plorabo</span> <span class='ocrx_word' id='word_1_570' title='bbox 1038 3155 1097 3195; x_wconf 85' lang='lat' dir='ltr'>die</span> <span class='ocrx_word' id='word_1_571' title='bbox 1117 3169 1161 3196; x_wconf 87' lang='lat' dir='ltr'>ac</span> <span class='ocrx_word' id='word_1_572' title='bbox 1176 3158 1279 3197; x_wconf 65' lang='lat' dir='ltr'>nolle</span> <span class='ocrx_word' id='word_1_573' title='bbox 1292 3153 1497 3206; x_wconf 66' lang='lat' dir='ltr'>interfic‘ios</span> <span class='ocrx_word' id='word_1_574' title='bbox 1507 3156 1597 3212; x_wconf 72' lang='lat' dir='ltr'>filia</span> <span class='ocrx_word' id='word_1_575' title='bbox 1611 3158 1742 3210; x_wconf 83' lang='lat' dir='ltr'>populi</span> 
     </span>
     <span class='ocr_line' id='line_1_55' title="bbox 143 3208 1740 3312; baseline 0.005 -62"><span class='ocrx_word' id='word_1_576' title='bbox 143 3208 478 3271; x_wconf 72' lang='lat' dir='ltr'>mei2subdit.Qia</span> <span class='ocrx_word' id='word_1_577' title='bbox 495 3224 613 3253; x_wconf 83' lang='lat' dir='ltr'>omnes</span> <span class='ocrx_word' id='word_1_578' title='bbox 627 3210 786 3252; x_wconf 77' lang='lat' dir='ltr'>adulteri</span> <span class='ocrx_word' id='word_1_579' title='bbox 783 3208 890 3265; x_wconf 74' lang='lat' dir='ltr'>fiant,</span> <span class='ocrx_word' id='word_1_580' title='bbox 900 3212 1126 3256; x_wconf 76' lang='lat' dir='ltr'>COETVS</span> <span class='ocrx_word' id='word_1_581' title='bbox 1141 3214 1209 3255; x_wconf 85' lang='lat' dir='ltr'>PR</span> <span class='ocrx_word' id='word_1_582' title='bbox 1220 3214 1508 3256; x_wconf 70' lang='lat' dir='ltr'>AEVAMCA</span> <span class='ocrx_word' id='word_1_583' title='bbox 1516 3213 1740 3312; x_wconf 60' lang='lat' dir='ltr'><strong>TORXM.</strong></span> 
     </span>
    </p>

    <p class='ocr_par' dir='ltr' id='par_1_11' title="bbox 1223 3270 1681 3314">
     <span class='ocr_line' id='line_1_56' title="bbox 1223 3270 1681 3314; baseline 0 -4"><span class='ocrx_word' id='word_1_584' title='bbox 1223 3271 1258 3310; x_wconf 78' lang='lat' dir='ltr'><strong>C</strong></span> <span class='ocrx_word' id='word_1_585' title='bbox 1274 3282 1296 3310; x_wconf 92' lang='lat' dir='ltr'>c</span> <span class='ocrx_word' id='word_1_586' title='bbox 1310 3281 1332 3310; x_wconf 89' lang='lat' dir='ltr'>c</span> <span class='ocrx_word' id='word_1_587' title='bbox 1557 3270 1641 3314; x_wconf 77' lang='lat' dir='ltr'>Adi</span> <span class='ocrx_word' id='word_1_588' title='bbox 1665 3291 1681 3303; x_wconf 88' lang='lat'><em>-</em></span> 
     </span>
    </p>
   </div>
  </div>
 </body>
</html>
