2206 3480
417 86 514 126 370
671 65 799 122 DE
876 64 1727 120 SAcE-RDOTIIS.

414 180 622 214 armentum
635 175 774 227 coepit.
791 175 891 213 Cum
911 169 1057 225 rapCtae
1071 168 1194 209 boues
1207 166 1405 210 desiderio
1415 168 1630 210 reliaarum
1641 168 2007 225 mugiffennreddita
2046 175 2091 231 Α

417 227 490 271 suit
504 231 525 269 ὲ
536 227 720 285 spelunca
736 241 834 272 vox,
861 241 947 281 quae
963 225 1169 267 Herculem
1184 229 1384 267 conuertit
1400 229 1559 268 inuenta
1579 226 1715 267 fraude
1729 256 1742 273 ,
1761 229 1911 272 Cacum
1930 233 2012 276 ictu

418 286 540 327 clauae
550 287 640 325 neci
656 284 790 324 dedit.
814 281 1038 325 Concursus
1049 282 1326 337 trepidantium
1338 282 1536 326 Pastorum
1565 285 1753 326 aduenam
1764 299 1869 328 reum
1894 288 2014 332 eaedis

414 342 675 396 faciuntapud
692 339 910 382 Euandrum
923 368 935 386 ,
967 343 1034 396 qui
1047 339 1237 381 miraculo
1250 339 1458 383 litterarum
1479 343 1581 382 inter
1602 341 1718 383 rudes
1741 347 1875 386 artium
1886 343 2014 387 homi-

414 412 481 440 nes
493 427 504 442 ‚
516 412 560 438 ea
573 396 662 438 loca
674 407 753 438 tum
769 398 950 452 regebat,
966 411 1015 439 ex
1027 396 1330 452 Peloponnenso
1341 397 1525 455 profugus
1536 430 1546 440 .
1577 401 1612 440 1s
1622 400 1773 440 intuens
1784 399 1989 445 habitui-[L.
2000 431 2013 449 ,

413 454 655 509 formamque
668 457 756 500 viri,
769 456 886 511 'rogat
903 455 1022 510 qualis
1035 448 1179 509 viripse
1195 453 1312 496 esset?
1340 456 1404 497 vbi
1419 470 1559 498 nomen
1571 485 1582 501 ,
1605 468 1860 514 patremque,
1885 461 1927 501 ὃ(
1942 474 2011 515 pa·-

412 515 522 551 triam
538 515 720 566 accepim
744 514 835 567 quia
845 511 896 554 fic
909 515 1117 554 Carmenta
1129 523 1250 553 mater
1264 516 1342 554 eius
1355 512 2012 571 vaticinatafuerat‚extemporalem

415 581 516 608 aram
533 567 839 610 Herculierexit
851 570 864 616 ⁴,
888 568 1198 625 indomitumque
1223 571 1403 612 matstauit
1424 574 1650 612 iuuencum.
1683 574 1780 613 Inde
1793 571 2016 615 seruatum,

417 622 526 668 est‚vt
546 627 756 679 quotannis
767 627 939 668 Romani
954 627 1104 668 Bouem
1117 628 1348 668 indomitum
1363 628 1530 669 Herculi
1548 627 1791 669 immolarent
1804 631 2016 673 :Hercules

419 681 575 734 epulum
605 682 758 737 populo
769 683 906 730 dedit,
928 682 1074 725 sacrum
1097 684 1184 727 fieri
1198 685 1348 726 voluita
1360 686 1517 737 Potitiis
1532 685 1574 726 ὃ(
1587 686 1754 736 Pinariis
1765 708 1779 729 2
1806 701 1894 743 quae
1906 698 2018 730 tum-2

416 737 563 780 familiae
577 740 737 780 maxime
751 741 906 798 inclytae
925 756 968 782 ea
991 742 1079 782 loca
1095 741 1343 783 incolebant.
1372 743 1487 784 Forte
1497 745 1628 783 euenit
1652 771 1664 788 ‚
1689 753 1730 783 vt
1751 743 1891 795 Potitii
1914 759 2015 800 prae-

416 794 610 837 storeffent
620 819 633 844 2
646 795 781 852 hisque
792 809 880 839 exta
896 808 1211 853 apponerentur;
1237 799 1278 839 &
1294 800 1437 851 Pinarij
1455 801 1544 856 quia
1556 800 1659 840 tardi
1668 798 1776 840 fuere
1789 830 1800 846 ,
1815 803 1911 842 extis
1927 802 2020 842 ade·-

416 851 461 892 fis
476 854 524 893 ad
535 863 711 894 caeteram
722 857 900 896 venirent
915 856 1078 910 dapem.
1103 856 1238 906 Potitij
1254 854 1304 896 ab
1322 857 1503 898 Euandro
1524 857 1658 899 edocti
1670 886 1681 902 ‚
1706 855 1902 900 antistites
1921 856 2022 899 sacri

418 913 496 950 eius
512 908 578 949 diu
590 908 770 956 fuerunt;
787 911 922 967 postea
932 926 1018 953 cum
1032 910 1282 961 interiissent,
1299 915 1420 968 empti
1435 914 1483 954 de
1502 913 1668 970 publico
1679 913 1794 958 serui,
1817 912 2020 956 officium..

421 979 682 1009 exercuerunt
693 999 703 1008 .
733 969 812 1010 Ara
825 969 875 1009 ab
890 970 1077 1010 Euandro
1091 970 1219 1011 erecta
1229 992 1240 1013 ‚
1256 972 1319 1010 cui
1332 971 1498 1012 Herculi
1511 973 1680 1012 decimas
1690 969 1804 1011 soluit
1818 994 1830 1014 ²
1842 970 2022 1014 Maxima

418 1036 609 1068 vocatur,
629 1026 672 1065 &
683 1029 862 1080 proxiina
872 1025 925 1067 est
935 1025 1023 1068 foro
1041 1027 1181 1068 boario
1193 1054 1204 1071 ‚
1228 1027 1294 1067 vbi
1308 1039 1357 1067 ex
1370 1040 1469 1068 voto
1481 1027 1645 1067 decimae
1672 1026 1793 1069 fiunt.
1811 1027 1996 1070 Tradunt
2011 1051 2024 1073 2
2046 1007 2084 1061 B

421 1085 489 1137 qui
503 1083 624 1122 velint
640 1082 783 1123 diuites
795 1082 893 1125 fieri,
908 1084 1066 1134 Herculi
1083 1085 1254 1124 decimas
1265 1082 1414 1125 soluant
1426 1115 1436 1125 .
1453 1084 1565 1126 Hinc
1579 1096 1675 1140 opes
1688 1084 1741 1124 Μ.
1755 1084 1902 1126 Luculli
1911 1083 2023 1128 fastae

421 1150 707 1179 memorantur:
725 1138 855 1195 &ipse
877 1140 1071 1185 Hercules
1083 1140 1348 1182 thesaurorum
1364 1142 1473 1182 Deus
1482 1152 1653 1196 putatur
1665 1173 1674 1182 .

176 1209 219 1234 ο.
225 1202 356 1249 fratribus
365 1213 394 1232 a.
479 1196 630 1237 Accam
646 1196 936 1239 Laurentianam
952 1199 1165 1240 duodecim
1182 1196 1385 1254 suscepisse
1405 1198 1551 1240 liberos
1570 1228 1582 1244 ,
1607 1197 1740 1239 scribit
1753 1196 1945 1240 Masurius
1961 1199 2028 1241 Sa-

166 1244 312 1281 ⁷''‘'²¹⁶”³·l
423 1253 536 1293 binus
552 1281 564 1297 ‚
577 1266 625 1294 ex
637 1254 778 1309 quibus
794 1268 880 1296 cum
898 1269 1010 1296 vnum
1025 1255 1579 1311 extuliffet‚grauiterindoluit
1590 1287 1599 1296 .
1614 1256 1804 1296 Romulus
1818 1259 1857 1296 in
1875 1254 2030 1297 demor-

423 1310 619 1352 tuilocum
634 1311 671 1351 se
684 1311 795 1353 dedit
814 1342 825 1358 ,
852 1313 961 1354 &ita
977 1318 1167 1355 nutricem
1182 1311 1415 1369 pientissimi:
1429 1312 1653 1354 consolatus
1663 1312 1717 1353 est
1739 1344 1748 1353 .
1777 1312 1846 1355 Ab
1863 1311 1945 1353 hoc
1959 1326 2030 1352 nu-

422 1382 532 1409 mero
548 1367 794 1410 duodenario
809 1384 990 1412 aruorum
1013 1370 1252 1426 Sacerdotes
1273 1370 1488 1412 duodecim
1499 1370 1571 1411 esse
1585 1369 1707 1411 voluit
1723 1384 1735 1414 ;
1759 1369 1803 1408 &
1825 1379 1868 1409 vt
1885 1369 2030 1410 Plinius

425 1428 477 1465 ait
490 1453 500 1469 ,
513 1423 549 1465 se
562 1427 661 1466 inter
673 1425 817 1468 liberos
833 1429 955 1469 Accae
976 1430 1196 1470 Laurentiae
1205 1426 1362 1470 fratrem
1378 1428 1655 1468 duodecimum
1668 1424 1882 1482 appellauit
1901 1453 1911 1463 .
1941 1426 2033 1468 Fra-

426 1492 504 1543 tres
521 1481 682 1525 Aruales
695 1483 736 1525 hi
750 1489 937 1526 nominati
951 1484 1053 1532 sunt,
1070 1488 1135 1542 qui
1151 1484 1256 1527 sacra
1270 1485 1431 1540 publica
1444 1484 1616 1533 faciunt,
1631 1493 1847 1540 propterea
1858 1492 1900 1523 vt
1909 1481 2035 1537 fruges

427 1542 551 1580 ierant
565 1554 674 1582 arua·
691 1544 727 1584 A
739 1540 904 1584 serendo
915 1546 1030 1598 igitur
1045 1545 1087 1584 ὃ(
1103 1543 1202 1584 aruis
1214 1542 1348 1584 fratres
1363 1543 1525 1584 A-ruales
1537 1542 1632 1584 dicti
1645 1539 1731 1582 sunt
1745 1569 1756 1578 .
1787 1541 2035 1581 Laurentiam

426 1600 466 1636 in
481 1610 529 1638 eo
540 1595 765 1640 sacerdotio
778 1599 922 1641 dediffe
934 1601 1106 1644 Romulo
1118 1601 1286 1656 spiceam
1304 1613 1489 1642 coronam
1500 1613 1576 1655 pro
1588 1594 1862 1653 religiofiffimo
1874 1595 2036 1654 insigni,

433 1667 518 1708 quae
528 1657 628 1696 vitta
641 1655 727 1698 alba
737 1657 989 1712 colligaretur
1002 1670 1067 1699 :vt
1082 1662 1196 1699 etiam
1208 1659 1350 1700 Plinius
1359 1656 1498 1699 refert.

177 1734 403 1775 „mazaram
486 1712 714 1765 Augurandi
728 1727 788 1754 ars
801 1715 1059 1768 antiquissima
1073 1718 1094 1756 a
1109 1714 1308 1757 Chaldaeis
1321 1715 1369 1755 ad
1381 1717 1545 1756 Graecos
1565 1743 1576 1760 ,
1593 1713 1696 1769 apud
1720 1726 1820 1767 quos
1843 1711 2035 1767 Amphia-

425 1781 509 1809 raus
521 1766 683 1823 Mopsus
694 1798 706 1814 ‚
721 1769 765 1809 &
777 1769 949 1812 Calchas
961 1769 1089 1811 summi
1103 1772 1283 1826 Augures
1292 1769 1418 1810 habiti
1434 1770 1517 1810 sunt
1530 1798 1540 1814 ,
1556 1773 1575 1809 a
1594 1773 1748 1810 Graecis
1760 1769 1808 1809 ad
1822 1767 2035 1810 Hetruscos

425 1825 618 1867 venit‚ab
632 1823 828 1865 Hetruscis
841 1828 895 1878 ad*
906 1828 1066 1868 Latinos
1092 1841 1102 1868 :
1128 1828 1171 1868 δι
1196 1827 1274 1882 ipse
1297 1828 1565 1868 Romanorum
1581 1825 1900 1866 PaterRomulus
1915 1839 2036 1880 augur
2060 1833 2110 1885 C

424 1879 521 1926 fuit;
538 1881 582 1920 ὃ(
596 1881 690 1922 ideo
703 1879 865 1922 instituit
877 1880 1126 1935 Magistratus
1140 1886 1304 1937 auguriis
1319 1883 1567 1924 confirmari:
1581 1882 1623 1921 &
1637 1881 1783 1937 posteri
1797 1896 1874 1922 non
1890 1882 1959 1923 nisi
1972 1897 2038 1923 au·
2093 1888 2096 1890 '

424 1941 536 1994 gurio
548 1938 708 1980 iubente
722 1951 780 1978 res
796 1937 1062 1980 inchoabant.
1075 1940 1200 1981 Locus
1213 1938 1556 1995 augurijtemplum
1571 1950 1652 1979 erat
1663 1945 1824 1993 :Augur
1835 1938 1960 1979 versus
1976 1941 2037 1982 O·

425 1998 588 2037 rientem
604 1992 765 2036 sedebat
775 1999 908 2051 capite
922 1996 1051 2037 velato
1067 2025 1076 2041 ‚
1090 1997 1224 2038 lituum
1239 1996 1402 2038 dextera
1417 2009 1550 2037 tenens
1561 2009 1673 2036 manu
1692 2024 1703 2040 ,
1724 1993 1822 2037 idest
1841 2008 2038 2036 curuum-³

427 2052 611 2095 baculum
630 2075 641 2097 ‚
652 2066 732 2107 quo
742 2053 781 2093 in
795 2053 908 2094 coelo
921 2055 1098 2109 regiones
1110 2054 1255 2096 diuidit
1265 2083 1274 2099 ,
1289 2055 1427 2109 &quae
1438 2056 1591 2108 auguria
1602 2056 1773 2098 veniunt,
1783 2053 1969 2108 praedicit
1984 2066 1993 2093 :
2008 2051 2037 2094 fi

427 2111 523 2153 laeua
537 2108 680 2150 fuerint
697 2114 785 2165 quia
796 2111 919 2151 alaeua
931 2122 1044 2165 parte
1061 2114 1291 2168 Septentrio
1303 2111 1378 2157 est,
1393 2110 1520 2152 felicia
1531 2113 1771 2165 pronunciat
1802 2125 1811 2149 ε
1837 2108 2038 2165 parsilla.»

430 2167 555 2209 Orbis
565 2177 735 2222 propter
751 2167 994 2209 altitudinem
1009 2168 1200 2224 prospera
1212 2179 1374 2225 putatur
1399 2192 1410 2213 ‚
1435 2169 1478 2208 &
1505 2182 1525 2208 a
1547 2168 1685 2210 dextra
1709 2175 1822 2223 parte
1840 2167 2039 2211 meridies,

430 2227 520 2280 quia
535 2222 732 2278 depressus
746 2224 798 2265 est
813 2247 823 2268 ‚
837 2223 970 2266 infelix
984 2257 993 2267 .
1014 2225 1227 2282 Dionysius
1242 2230 1413 2267 meminit
1427 2228 1622 2280 antiquam
1634 2223 1845 2280 augurandi
1859 2221 2040 2264 obserua-

431 2285 577 2322 tionem
592 2279 699 2322 fuiffe
723 2286 835 2324 etiam
862 2281 1121 2339 Aboriginum
1141 2298 1154 2330 ς
1174 2298 1262 2326 nam
1283 2282 1470 2324 Ascanius
1491 2285 1718 2338 priusquam
1737 2284 1859 2322 aciem
1879 2290 2042 2329 contra..

431 2338 677 2379 Mazentium
694 2340 904 2388 educeret,
922 2344 1118 2395 augurium
1130 2341 1327 2398 captauit:
1341 2342 1383 2381 ὅ(
1399 2339 1463 2381 vbi
1474 2340 1617 2380 micare
1631 2340 1652 2378 a
1666 2337 1817 2385 finiflris
1831 2336 1955 2392 fulgur
1967 2336 2039 2376 εὸ-

430 2392 555 2449 spexit
564 2423 573 2438 ,
584 2399 771 2450 pugnauit
789 2397 828 2435 ὅ(
845 2392 973 2439 vietor
985 2396 1056 2437 fuit
1069 2427 1079 2443 ,
1089 2409 1238 2454 tantaq;
1252 2399 1454 2438 veneratio
1463 2424 1472 2440 ,
1485 2396 1530 2435 ὃς
1540 2395 1679 2436 vtilitas
1694 2394 1785 2434 inde
1798 2392 1871 2434 fuit
1882 2422 1893 2438 ‚
1902 2403 1943 2434 vt
1953 2391 2040 2433 col-

431 2452 569 2506 legium
582 2465 760 2505 augurum
775 2452 1026 2494 constitutum
1038 2452 1082 2494 fit
1106 2469 1116 2495 z
1141 2456 1361 2510 &primum
1373 2462 1448 2493 tres
1464 2465 1621 2506 augures
1648 2450 1753 2492 fuere
1774 2452 1796 2492 a
1823 2450 1946 2491 tribus
1967 2451 2039 2492 tri-

432 2508 560 2548 bubus
584 2522 592 2548 :
617 2509 665 2549 fic
681 2506 875 2550 instituisse
902 2513 1112 2554 Romulum
1139 2511 1306 2552 tradidit
1322 2510 1527 2564 Dionysius
1549 2541 1557 2550 .
1589 2509 1687 2551 Inde
1700 2519 1869 2564 quatuor
1879 2509 1999 2548 creati
2019 2518 2034 2547 .·

431 2565 609 2606 Tandem
624 2565 743 2619 plebe
757 2580 827 2619 per
837 2567 1020 2607 tribunos
1035 2569 1076 2609 id
1087 2578 1262 2623 petente,
1285 2570 1456 2623 quinque
1470 2565 1577 2622 plebi
1589 2578 1769 2622 augures,
1779 2574 1946 2621 quatuor
1959 2576 2031 2618 pa-

435 2623 551 2672 tritijs
563 2623 732 2663 adiumsti
751 2622 907 2664 fuerunt
929 2639 940 2669 ;
968 2625 1010 2665 ὃ(
1037 2624 1089 2667 fic
1116 2637 1436 2669 numerusnouem
1449 2637 1627 2679 augurum
1637 2622 1793 2665 mansit-

189 2694 413 2736 mprzamimiui.
490 2679 647 2720 Dialem
659 2681 702 2720 ὃς
716 2680 935 2723 Martialem
947 2681 1151 2723 Flaminem
1165 2682 1354 2722 Romulus
1369 2681 1550 2735 instituit,
1567 2681 1700 2732 Numa
1716 2676 1952 2731 Quirinalem
1964 2673 2036 2718 ad·
2058 2682 2112 2737 D
2173 2671 2182 2680 ”

435 2735 538 2776 didit
550 2763 558 2772 ·
592 2740 718 2779 Varro
735 2736 859 2779 asserit
872 2741 1043 2780 Numam
1056 2740 1284 2792 Pompilium
1296 2738 1481 2779 Flamines
1494 2732 1746 2791 fingulisDijs
1759 2734 1889 2777 fecisse
1904 2763 1915 2779 ‚
1928 2735 1971 2774 δε
1982 2732 2036 2776 ab
2099 2745 2113 2753 ⁴

435 2793 489 2832 eis
505 2795 660 2833 nomina
675 2792 837 2834 dedisse.
870 2796 974 2836 Hinc
985 2795 1224 2849 Respublica
1237 2795 1456 2837 hominibus
1472 2798 1509 2835 in
1527 2793 1678 2835 coelum
1697 2793 1827 2834 relatis
1850 2791 2038 2836 Flamines

436 2849 615 2890 decreuit
626 2880 634 2889 .
667 2850 772 2891 Didti
785 2862 910 2892 autem
928 2852 1116 2893 Flamines
1129 2851 1211 2893 sunt
1221 2866 1270 2893 ex
1281 2852 1491 2907 gestatione
1501 2851 1693 2906 pileorum
1709 2880 1725 2904 3,
1739 2848 1851 2905 ,quafi
1866 2847 2038 2904 pile-ami-

435 2919 526 2947 nes:
542 2906 695 2961 quidam
712 2907 819 2950 aiunt
832 2907 881 2949 ab
894 2908 1025 2950 lnfulis
1039 2939 1049 2954 ‚
1063 2925 1157 2966 quas
1173 2907 1340 2963 flammas
1351 2920 1512 2950 vocant.
1542 2912 1685 2950 Eorum
1698 2907 1853 2948 ministri
1866 2905 2032 2955 Flaminii

436 2964 557 3015 disti>
572 2964 613 3003 δε
627 2963 803 3005 ministrae
821 2965 1042 3007 Flaminulae
1054 2998 1062 3006 .
1090 2969 1169 3009 ‘Sed
1187 2981 1311 3008 rerum
1324 2970 1503 3016 omnium·
1522 2964 1707 3018 sacrarum
1721 2961 2039 3018 administri-Ca-

436 3020 525 3060 milli
537 3020 768 3061 dicebantur
786 3054 793 3062 .
824 3021 1012 3064 flamines
1023 3038 1099 3064 non
1114 3034 1299 3080 poterant
1315 3052 1325 3069 ,
1341 3023 1411 3065 nili
1428 3023 1582 3078 singulis
1594 3023 1683 3073 Dijs
1696 3020 1855 3074 attribui
1873 3047 1884 3064 ‚
1910 3017 1953 3059 &
1969 3030 2037 3058 ne-

437 3074 489 3117 fas
506 3074 580 3116 fine
595 3077 702 3131 pileo
716 3089 800 3119 erat
817 3080 949 3132 egredi
966 3081 1122 3121 domum
1137 3112 1145 3121 .
1372 3075 1373 3078 ¹
1681 3075 1693 3079 ³
1783 3075 1786 3078 ”
1956 3114 1967 3128 2

191 3146 336 3186 nesalysz.
496 3133 615 3174 Salios
630 3135 840 3176 duodecim
856 3136 970 3176 Marti
989 3137 1271 3191 Gradiuolegit
1282 3138 1421 3186 Numa,
1431 3136 1527 3178 disti
1541 3137 1561 3178 a
1573 3134 1766 3179 saltando,
1778 3132 1889 3189 quod
1903 3130 2035 3173 facere

436 3190 474 3231 in
485 3191 665 3244 Comitijs
684 3195 894 3246 quotannis
909 3193 952 3233 ὅ(
963 3191 1087 3235 solent
1103 3195 1144 3237 ὃ(
1155 3194 1327 3250 debent:
1350 3191 1655 3251 versicoloribus
1669 3190 1810 3250 'tunicis
1822 3203 1892 3230 orn
1887 3192 1951 3285 lati
1961 3201 2036 3243 per

1656 3260 1667 3263 '⁷
1825 3250 1883 3292 Vr
1916 3249 1974 3286 em
