2206 3480
366 47 471 101 DE
516 46 755 99 PILEO
797 45 1017 98 APVD
1059 45 1506 100 ROMANOS.
1661 28 1763 111 2'79

69 150 112 202 A
162 135 474 189 Homeruninon
486 140 636 185 Caufiae
654 172 665 188 ,
683 156 763 183 non
776 138 1031 196 Pileivsquam
1046 144 1212 185 me'ntio,
1226 140 1275 183 ab
1290 141 1511 198 eodemque
1525 145 1599 184 ritu
1616 157 1685 185 eos
1697 147 1761 186 ab·

158 204 322 247 stinuiffe
340 202 461 245 refert
472 200 638 242 eiusdem
655 204 855 257 Interpres
870 230 879 240 .
912 201 1017 248 Quin
1034 199 1224 256 Horatius
1249 202 1286 238 in
1309 202 1387 240 vita
1408 202 1673 256 hippocratis
1699 218 1764 243 an-

157 267 241 304 xius
254 292 262 307 ‚
277 275 348 303 cur
360 274 487 315 imago
503 264 580 299 eius
592 258 732 313 pileata
748 268 933 299 cernatur
947 280 959 300 2
973 257 1094 310 idque
1106 256 1165 304 aiij
1180 255 1230 297 ad
1243 258 1583 311 Peregrinationes
1594 287 1605 303 ‚
1633 259 1696 310 alij
1712 261 1761 301 ad

157 319 246 362 alias
258 317 407 362 causas,
423 331 517 373 quas
531 315 639 360 vide,
656 315 843 356 retulere.
864 317 920 356 At
930 314 979 354 de
996 314 1197 353 Germanis
1210 336 1222 356 ‚
1239 314 1366 354 cirros
1379 329 1514 356 eorum
1528 345 1537 360 ,
1553 314 1761 372 nodosque

156 387 440 418 commemorat
454 375 624 416 Tacitus
635 374 685 413 de
697 374 868 413 moribus
878 372 1063 411 German:
1073 371 1242 424 tegmina
1257 371 1449 426 nusquam.
1465 373 1548 414 Imo
1564 373 1613 414 de
1627 377 1759 415 Sueuis

157 434 261 476 clare
275 433 360 476 satis
372 431 541 473 ostendit
551 459 561 473 ,
575 427 757 484 pugnasse
772 442 841 468 eos
855 430 985 482 capite
998 438 1152 481 aperto,
1167 428 1341 467 crinibus
1353 430 1569 485 religatisin
1581 430 1759 472 altitudi-

156 506 242 534 nem
261 491 454 546 quandam
465 517 476 533 ,
500 488 743 528 &terrorem
753 499 767 525 .·
794 484 930 526 Gallos
943 494 1120 525 comatos
1133 484 1297 524 dicimus
1313 499 1356 525 ea
1367 499 1479 540 parte
1494 489 1685 533 intestos,
1716 491 1761 530 δε

156 547 362 606 plerasque
375 547 453 587 imo
465 548 629 600 Europae
644 554 799 600 gentes,
824 542 979 584 demum
1005 541 1113 596 apud
1130 540 1318 587 Parthos,
1342 554 1383 583 vt
1398 557 1563 589 nouum,
1584 547 1762 588 Pileum„

165 604 537 647 Martialisinuenit.
979 634 981 637 Α

397 657 544 710 Frtstra
553 658 740 700 blanditia
749 659 887 698 venitis
904 656 956 696 ad
961 668 1018 696 me
1027 668 1037 696 :

393 718 456 761 Ad
466 715 623 758 Parthos
639 715 772 770 procul
780 717 831 754 ite
841 713 995 755 Pileatos
1011 739 1021 750 .

220 776 411 820 Videmus
422 787 585 832 quoque
599 786 670 814 nos
680 771 744 812 hic
757 773 891 814 Romae
914 775 953 812 in
969 770 1326 814 TraianiColumna
1353 769 1521 828 scalptos
1536 772 1610 815 effe
1626 774 1764 815 Dacos

160 832 335 875 Pileatos
347 865 358 875 .

226 892 301 933 Sed
318 891 368 930 de
385 890 413 931 Ρ
427 890 571 930 omanis
591 889 732 929 certius
746 886 826 928 hoc
838 884 953 928 nobis
965 884 1018 927 est
1033 900 1046 926 .·
1066 889 1232 941 primum
1249 888 1407 928 Nummi
1420 901 1554 928 omnes
1567 918 1577 933 ‚
1597 886 1763 929 veteres-

170 960 247 1002 que
264 947 394 989 statuae
406 948 466 1003 (in
480 945 622 1003 quibus
634 944 778 991 cultus,
793 945 835 985 ὅ(
847 942 1004 985 habitus
1015 943 1196 999 priscus)
1209 945 1286 986 fine
1299 946 1465 1000 tegmine
1479 944 1649 1001 semper.
1662 947 1766 999 Qui-

97 997 136 1048 B
168 1003 238 1044 bus
262 1006 516 1045 concordant
528 1002 759 1059 scriptores,
792 1004 999 1043 Suetonius
1011 1006 1152 1043 etenim
1164 1003 1215 1042 de
1234 1001 1332 1043 Iulio
1351 999 1500 1043 Caesare
1526 1001 1671 1045 refert:
1702 1005 1767 1045 Ex

173 1061 337 1102 omnibus
349 1060 548 1102 honoribus
558 1061 613 1101 illi
621 1060 774 1100 decretis
783 1082 794 1103 ‚
815 1072 887 1099 non
897 1059 1009 1100 alium
1025 1059 1195 1100 labentius
1205 1083 1217 1102 ,
1233 1069 1302 1099 aut
1320 1059 1480 1099 crebrius
1492 1058 1676 1119 vsurpaffi’
1688 1063 1745 1101 ait
1755 1089 1768 1106 ,

164 1132 276 1174 quam
294 1121 348 1159 ius
358 1121 502 1161 Laureae
514 1122 660 1159 Coronae
670 1115 844 1170 perpetui)
850 1116 1051 1168 gestanda,
1062 1117 1174 1172 idque
1185 1116 1238 1157 ad
1246 1115 1446 1157 Caluitium
1458 1117 1661 1159 celandum.
1672 1119 1767 1173 Qua

171 1178 280 1216 certe
295 1180 447 1232 aptior,
462 1177 502 1216 ὃ(
518 1175 673 1217 fidelior
684 1174 732 1216 ad
744 1172 1055 1216 dissimulandum
1069 1176 1196 1216 Pileus
1210 1171 1354 1214 fuiffet.

220 1233 342 1273 Fuere
359 1243 484 1274 tamen
501 1244 681 1288 tempora
691 1232 866 1288 quaedam
881 1254 894 1276 ,
904 1232 947 1273 &
959 1230 1138 1272 homines
1151 1254 1162 1274 2
1175 1224 1313 1286 quibu‘s
1327 1235 1404 1276 ius,
1418 1231 1459 1271 ὃ(
1476 1229 1556 1272 vsus
1568 1244 1690 1287 caput
1703 1244 1763 1274 te..

160 1290 277 1344 gendi
295 1289 367 1331 fuit
384 1323 392 1332 .
418 1293 621 1346 Tempora
640 1294 834 1347 quinque,
850 1289 978 1335 Sacra,
997 1288 1114 1334 Ludi,
1127 1288 1360 1334 Saturnalia,
1377 1290 1644 1343 Peregrinatio,
1665 1293 1759 1333 Mi·

163 1347 248 1389 litia
261 1379 269 1389 .

219 1405 320 1446 Nam
332 1407 535 1449 Romanos
549 1405 641 1446 dum
656 1402 944 1447 sacrificabant,
957 1405 1092 1459 capite
1106 1402 1211 1445 fuisse
1226 1403 1357 1445 velato
1367 1432 1377 1448 ,
1392 1403 1515 1460 idque
1525 1402 1654 1459 prisco
1667 1419 1767 1461 quo-2

161 1461 248 1502 dam
265 1464 341 1503 ritu
353 1494 362 1503 .
374 1466 431 1507 Vt
445 1462 498 1503 est
508 1463 644 1503 videre
658 1465 696 1502 in
710 1460 1023 1507 Numismatibus,
1036 1462 1080 1504 ὅ(
1093 1461 1364 1504 Marmoribus
1374 1463 1563 1518 antiquis,
1580 1463 1624 1504 &
1635 1476 1686 1505 ex
1699 1478 1765 1506 ειιιΕ

156 1518 358 1565 (toribus,

210 1578 258 1628 ¹In
273 1576 389 1618 Ludis
401 1580 492 1620 item
509 1576 680 1620 Pileatos
693 1574 797 1618 fuiffe
815 1578 1016 1619 Romanos
1028 1592 1078 1620 ex
1088 1576 1257 1619 Martiali
1268 1609 1280 1619 .

328 1637 373 1678 In
386 1637 604 1689 Pompeiano
615 1633 903 1689 tectusspefiabo
913 1635 1078 1681 theatr03

385 1695 492 1736 Nam
504 1692 642 1745 Populo
654 1702 789 1732 ventus
799 1693 885 1733 vela
894 1706 1026 1745 negare
1040 1692 1139 1747 solet
1149 1725 1157 1734 .

153 1748 348 1804 Vopiscus
360 1751 397 1790 in
412 1753 573 1790 Carino.
588 1747 651 1789 vbi
667 1751 814 1790 lunium
830 1748 1221 1805 Messallam-‚eiusque
1232 1747 1451 1792 effusionem
1466 1751 1503 1790 in
1518 1750 1639 1791 Ludis
1655 1763 1766 1792 acer-

153 1806 204 1848 be
217 1819 326 1850 taxat
343 1823 357 1850 :
385 1808 529 1847 Donati
526 1804 622 1861 fimt
634 1804 682 1846 ab
694 1806 915 1848 Atrebaticis
925 1806 1022 1848 birri
1031 1809 1154 1860 petiti,
1169 1807 1299 1847 donati
1310 1807 1405 1848 birri
1417 1806 1578 1860 canusini
1588 1839 1598 1849 .

84 1837 131 1887 C
156 1864 422 1906 Saturnalibus
434 1867 547 1905 etiam
564 1892 574 1908 ‚
592 1876 665 1918 per
677 1877 777 1919 quos
792 1863 1001 1906 liberrimae
1020 1866 1118 1909 Vitae
1134 1866 1237 1910 dies,
1251 1865 1376 1908 Pileus
1388 1863 1580 1910 admistus»
1593 1865 1769 1921 signum...

152 1935 297 1978 nempe
313 1922 529 1964 Libertatis
541 1952 550 1962 .
562 1921 755 1963 Martialis
771 1952 781 1962 .

377 1981 564 2023 Permittis
567 1987 660 2033 puto
668 1979 808 2023 Pileata
827 1981 858 2020 R
865 1992 946 2021 oma
958 2008 968 2019 .

151 2036 319 2085 fidem:

377 2099 550 2152 Dumque
559 2097 685 2138 decent
696 2094 853 2148 nestrum
856 2096 957 2150 pilea
968 2095 1121 2151 sumpta
1138 2098 1260 2138 Iouem
1280 2126 1290 2137 .
1517 2128 1519 2130 -

204 2153 282 2194 Sed
296 2154 340 2194 &
353 2154 621 2209 Peregrinatio
637 2168 800 2210 quoque
821 2154 990 2195 Petaium
1017 2151 1174 2209 sumpfit
1191 2164 1332 2194 contra
1347 2152 1518 2207 pluuiam
1530 2181 1540 2197 ,
1564 2150 1691 2196 testas,
1718 2153 1762 2194 &

149 2222 291 2252 ventos
304 2238 313 2248 .
336 2214 484 2253 Cicero
500 2216 537 2253 in
550 2211 732 2267 epistolis
744 2209 969 2252 describens
987 2211 1241 2253 Tabellas-ios
1262 2215 1490 2251 iturientes:
1511 2209 1694 2264 Petasatos
1706 2222 1763 2250 eos

149 2271 300 2312 venire,
314 2268 362 2312 ό
371 2272 516 2309 comites
525 2270 725 2322 expedias-e
735 2269 789 2311 ad
797 2272 946 2310 Portam
961 2300 970 2310 .
1003 2272 1161 2310 Sueton.
1179 2270 1228 2310 de
1243 2274 1337 2323 Aug.
1355 2268 1447 2308 Solis
1458 2266 1609 2314 hiberni
1617 2266 1764 2321 quidem

146 2328 295 2379 patiens
307 2348 319 2370 ‚
344 2325 445 2366 domi
458 2339 684 2382 quoque-non
709 2328 781 2382 nist
789 2325 977 2382 petafirtus
985 2325 1058 2382 sub
1074 2326 1134 2367 dio
1143 2325 1397 2382 spatiabatur.
1421 2326 1588 2365 Demum
1606 2337 1678 2365 nec
1695 2328 1765 2365 mi-

147 2384 232 2425 litia
247 2383 355 2424 Pileo
367 2394 572 2440 exempta:
596 2382 708 2439 Vsque
721 2384 773 2423 ad
777 2383 987 2438 praefintem
1001 2393 1142 2424 aetatem
1154 2383 1370 2439 consuetudo
1379 2382 1581 2438 permansit
1596 2411 1606 2427 ,
1627 2391 1675 2421 vt
1687 2395 1765 2422 om-

149 2453 211 2481 nes
224 2440 356 2482 milites
364 2441 472 2482 Pileis
481 2465 491 2484 2
512 2455 602 2497 quos
614 2444 839 2482 Pannonicos
852 2444 990 2481 vocant
1004 2471 1013 2483 .
1026 2441 1234 2483 nePellibus
1241 2450 1439 2481 ‘uterentur
1450 2471 1458 2480 .
1475 2440 1611 2495 Veget.

207 2497 337 2539 Fuere
351 2512 513 2554 quoque
524 2499 704 2539 homines
718 2527 728 2542 ‚
756 2503 822 2554 qui
841 2498 950 2539 Pileo
965 2498 1199 2541 vtebantur:
1222 2499 1355 2540 liberti
1370 2512 1473 2539 noua
1489 2497 1674 2539 libertate
1691 2497 1762 2538 do-

146 2558 228 2594 nati
246 2565 358 2596 erant
374 2555 507 2597 Pileati
522 2585 532 2601 ,
551 2566 590 2596 vt
602 2555 769 2595 diximus
782 2553 914 2611 supra.

206 2612 418 2668 DeAegris
430 2613 508 2653 hoe
524 2614 615 2652 item
629 2612 742 2652 licuit
754 2643 762 2652 .
779 2612 902 2654 Ouid.

70 2688 124 2741 D
318 2677 459 2723 Arguat
473 2670 520 2714 ὠ·
534 2672 664 2710 macies
676 2672 840 2709 animum
851 2698 860 2713 ‚
884 2681 948 2710 nec
957 2680 1063 2721 turpe
1071 2671 1221 2724 putaris

378 2729 551 2768 Piteolum
567 2726 694 2766 nitidis
709 2721 906 2783 impofitiffe
918 2730 1025 2767 comis
1035 2756 1049 2768 0

206 2781 287 2823 Sed
305 2782 346 2824 8(
356 2784 525 2826 Senibus
536 2787 647 2825 etiam
662 2784 808 2824 Pileum
828 2784 1065 2825 tribuerunt.
1092 2785 1148 2826 Vt
1159 2782 1281 2826 refert
1295 2781 1552 2839 Nicephorus
1565 2785 1761 2839 Gregoras

148 2853 233 2881 eum
250 2853 397 2881 morem
408 2853 497 2882 cum
517 2843 699 2882 Romano
715 2842 887 2896 Imperio
905 2846 1018 2883 etiam
1037 2842 1266 2899 Byzantium
1280 2840 1502 2883 translatum
1516 2841 1601 2886 ‚lib.
1618 2855 1677 2882 10.
1690 2843 1761 2881 in..-

145 2897 213 2939 fin.
223 2900 282 2937 De
296 2901 425 2951 capitis
440 2900 593 2951 tegmine
611 2912 685 2938 mos
695 2908 776 2938 erat
786 2899 889 2951 apud
887 2899 1097 2953 superiores
1109 2903 1293 2952 Principes
1307 2922 1318 2943 ‚
1340 2909 1388 2938 vt
1400 2908 1506 2941 aetate
1514 2900 1760 2952 prome-‘liores

142 2955 265 3053 ΑΞΙίεἰ
275 2956 381 2997 Pileis
394 2964 592 2996 vterentur
608 2978 620 2999 ‚
630 2954 751 3011 serico
774 2956 877 2999 tems
890 2980 902 3002 ‚
923 2959 1089 2998 Iuniores
1109 2966 1230 3000 autem
1240 2956 1390 3014 prorsus
1406 2956 1511 2998 nudis
1534 2956 1637 3009 cysent
1659 2956 1760 3008 capi-

147 3015 179 3052 ti
204 3026 245 3053 us
259 3043 269 3053 .

201 3071 369 3130 Demum
384 3072 426 3114 &
439 3071 631 3112 Conuiuae
643 3068 752 3112 fuiffe
764 3070 950 3112 videntur
965 3072 1105 3114 Pileati
1119 3104 1127 3114 .
1142 3072 1327 3114 Horatius
1342 3105 1351 3115 .

371 3131 414 3170 Vt
424 3143 503 3170 cum
520 3128 654 3169 Pileolo
666 3127 788 3181 fisleas
800 3132 969 3170 Conuiua
982 3129 1129 3171 tribulis
1141 3158 1151 3168 .

139 3183 216 3225 Sed
231 3183 335 3227 hune
348 3184 530 3230 habitum
546 3185 790 3229 conuiualem
805 3188 855 3229 de
879 3186 1009 3237 Pileo,
1030 3189 1069 3231 δι
1089 3186 1198 3229 soleis
1228 3201 1306 3229 non
1333 3185 1519 3229 habemus
1528 3197 1650 3240 penes
1662 3183 1760 3226 alios

1092 3246 1142 3288 M
1155 3260 1192 3287 m
1250 3258 1277 3287 2
1511 3243 1707 3284 austeres,-
