2206 3480
471 99 574 153 36'
659 68 794 147 Dr„
822 95 1174 149 STArvis
1215 95 1355 149 sfiv
1395 98 1920 161 sinLAcRis.

457 216 575 245 omnes
587 234 597 250 ,
609 217 727 246 omnes
731 205 868 256 gradus
878 226 889 248 ,
901 211 1164 256 totaquearea;
1177 198 1264 239 hinc
1275 211 1366 239 auro
1378 211 1388 242 ;
1399 197 1640 250 hinc-argento
1651 200 1832 244 relaoekaa
1839 202 1922 258 ³ftu
1972 207 2051 247 'tim
2081 212 2126 265 Α
2166 199 2170 202 ’

453 262 686 313 polluebatur
696 277 706 306 ;
724 274 802 300 cum
815 258 942 299 mcc-fii
951 259 1128 308 Principis
1139 255 1269 298 Hamis
1270 256 1467 307 permixta
1475 258 1634 298 Deorum
1634 257 1832 309 fimula‘am
1832 262 1900 314 for
1925 268 2026 303 erent
2035 258 2059 304 ,’

457 322 522 359 Ac
533 322 646 358 etiam
660 317 840 373 pondere
862 319 1084 370 grauiores:
1110 323 1152 354 vt
1162 314 1212 354 de
1221 313 1447 358 Commodo
1456 313 1495 355 in
1511 311 1651 354 Dionis
1665 317 1905 369 compendio
1928 334 1938 357 :
1965 321 2049 361 Sta-

458 384 558 415 tuam
568 375 665 414 millc
676 372 854 412 libranum
869 384 1018 412 auream
1029 370 1161 417 habuit
1170 399 1181 415 ,
1192 383 1270 410 cum
1281 372 1432 413 Tauros
1444 370 1493 414 (ἐν
1503 371 1626 413 Vacca,
1636 370 1743 424 quoefi
1746 370 1848 412 Vrbis
1860 375 2022 416 conditor
2035 396 2046 417 a

459 428 571 470 Hinc
585 428 762 470 discimus
772 429 931 482 pondus
942 428 1148 483 grande-in
1172 437 1337 482 vti-oque
1356 426 1515 470 meliore
1537 426 1692 471 metatio
1717 442 1727 470 .·
1745 430 1856 484 quod
1866 430 2047 473 crebrum

461 485 694 527 omninofuit
713 509 724 530 ‚
749 485 792 525 &
806 484 978 527 crebrius
993 488 1108 527 etiam
1117 483 1287 532 misceri3
1307 485 1350 525 &
1376 498 1428 526 aes
1446 483 1506 526 vel
1520 495 1717 539 argentum
1729 486 1897 531 inaurari
1911 515 1922 525 .
1951 501 2048 538 am·

459 548 555 584 mian
562 542 661 583 us-de
677 544 864 585 Romanis
878 542 1086 584 Nobilibus
1096 545 1150 582 ait
1161 556 1170 582 t
1182 545 1245 583 Ex
1256 541 1317 583 his
1326 545 1475 597 quidam
1486 541 1704 596 aetenitatifi‘
1714 544 1954 587 commendari
1962 543 2047 599 post

445 600 490 656 fi
502 611 569 652 per
591 599 730 640 statuas
742 600 974 645 aefiimantes,
994 613 1052 640 eas
1061 599 1230 640 ardenter
1238 596 1411 657 affeHant
1426 607 1539 654 atque
1547 611 1640 639 auro
1650 600 2025 643 curant-imbraHeari
2032 614 2047 640 .·

458 662 652 698 inauratas
671 658 852 712 intelligit
871 671 881 697 .·
901 657 1012 712 quod
1030 656 1234 712 aliquoties
1258 665 1296 696 in
1312 656 1484 710 lapidum
1503 654 1862 710 titulisexprssffum
1882 658 2046 715 legituia,

456 715 531 756 Sub
543 727 633 754 auro
642 713 803 754 statuam
809 717 901 766 poni
925 746 934 753 .
965 716 1084 755 Circa
1098 715 1264 768 pretium
1276 715 1314 753 in
1324 711 1538 754 huiusmodi
1549 711 1682 753 statuis
1692 727 1701 753 ε
1711 726 1789 753 non
1810 718 1972 756 materia
1980 713 2042 755 so'-

455 771 530 814 lum
542 770 607 812 res
601 771 830 825 piciebattm
839 784 968 811 verum
980 772 1023 811 &
1034 770 1195 825 qualitas
1208 769 1385 814 artificis,
1399 769 1498 811 form
1515 785 1534 810 a
1545 792 1556 813 ι
1583 769 1627 808 ὅτ.
1640 768 1858 814 earumdem
1873 773 2042 826 antiqui-

459 841 526 871 tas:
533 831 633 869 vnde
647 829 790 869 Horati
796 841 836 867 us
846 831 882 867 in
899 826 1059 871 sermon.
1068 827 1206 885 Insani!
1218 837 1356 867 veteres
1364 825 1748 881 fiatualeamtfippus
1757 827 1922 879 emendm
1930 829 2040 867 Hinc

458 901 529 927 nos
542 889 651 927 etiam
668 882 861 930 addimus,
876 898 955 925 non
969 888 1103 925 mirum
1114 883 1236 926 videri
1255 913 1264 927 ,
1283 884 1392 938 quod
1411 884 1540 924 statuae
1566 884 1767 939 pleraeque
1797 895 1959 927 careant
1973 897 2038 927 ca-

456 943 602 998 pitibus
617 947 819 998 :quoniam
834 945 965 996 capita
977 940 1124 984 facilius
1136 939 1378 985 auferuntur,
1395 954 1508 995 quam
1522 953 1703 982 caeterum
1717 954 1860 995 corpus
1875 955 1978 981 :nam
1996 945 2035 981 in

456 1001 560 1042 vultu
571 1003 693 1040 omnis
705 999 829 1040 decor
842 1028 852 1042 ,
864 1000 905 1039 ὃς
914 1003 1035 1053 gratia
1048 997 1251 1039 statuarum
1261 996 1314 1037 est
1331 1013 1341 1037 z
1359 1009 1549 1053 praeterea
1563 1012 1605 1037 ea
1616 1010 1704 1051 pars
1714 996 1884 1051 fragilior
1892 999 1945 1038 est
1960 1027 1970 1042 ,
1988 1001 2036 1038 vb'c

459 1060 506 1098 ad
520 1057 708 1098 laefionem
721 1059 919 1110 paratior;
941 1066 1154 1110 propterea
1167 1058 1278 1094 etiam
1296 1054 1512 1095 clanculum
1526 1052 1796 1107 subripiuntur,
1815 1066 1880 1095 aut
1891 1066 2036 1110 emptae
2063 1035 2102 1087 Β

459 1116 534 1155 alio
546 1113 788 1153 deferuntur.

513 1170 869 1215 venerabantur&
883 1169 1099 1210 adorabant
1108 1168 1254 1211 ethnici
1269 1170 1452 1212 Romani.
1477 1167 1519 1208 &
1534 1166 1614 1209 aliae
1625 1177 1756 1221 gentes
1770 1167 1905 1208 statuas
1918 1173 2037 1209 niaxi-

457 1229 514 1269 me
525 1229 702 1269 Deorum
716 1242 725 1272 ς
742 1240 829 1266 cum
843 1226 1036 1267 daemones
1047 1226 1194 1280 perilla
1209 1224 1385 1279 responsa
1401 1228 1556 1267 darent.
1574 1225 1621 1264 D.
1634 1226 1851 1277 Cyprianus
1868 1226 1918 1265 de
1931 1229 2035 1265 vani-

456 1296 536 1326 tate
547 1284 776 1324 idololatriae
792 1284 859 1322 ibi:
874 1285 936 1321 Hi
951 1295 1030 1334 ergo
1030 1282 1189 1336 spiritus
1185 1282 1258 1337 βψ
1267 1282 1523 1336 statutamque
1535 1282 1746 1332 imaginibus
1759 1283 1965 1336 consecratis
1974 1282 2037 1320 de-

454 1340 673 1395 litescunhhi
683 1337 868 1396 affatnfito
877 1341 1161 1390 vatumpec‘iora
1172 1338 1659 1393 inspirantaextorumfibras
1668 1339 1916 1382 animant‚&c
1927 1365 1935 1373 ·
1943 1340 2033 1378 Nec

452 1400 759 1439 contemnendus
773 1409 934 1449 quoque
944 1393 1157 1436 honoriam
1170 1396 1326 1435 debitus
1339 1398 1561 1450 principum
1574 1395 1699 1434 statuis
1719 1418 1730 1436 ,
1753 1393 1802 1435 ad
1818 1408 1914 1449 quas
1939 1406 2035 1435 tam-

453 1469 565 1511 quam
580 1454 627 1493 ad
640 1453 773 1508 asylum
785 1451 1062 1505 confugiebant
1080 1483 1088 1492 .
1120 1455 1280 1495 Sueton,
1300 1455 1340 1492 in
1361 1452 1493 1496 Tiber.
1514 1464 1599 1505 cap.
1629 1463 1692 1504 53.
1714 1451 1782 1495 ibi.
1807 1451 2034 1495 Adfiatuam

454 1509 595 1563 Augusti
610 1509 793 1562 confligere
808 1541 816 1550 .
1641 1537 1645 1539 -
1999 1553 2003 1556 Α
2029 1542 2037 1554 ,

509 1571 666 1623 Species
681 1571 791 1607 etiam
803 1568 989 1606 variarum
999 1566 1205 1613 statuarum
1218 1565 1518 1611 attendendam!
1531 1579 1626 1622 opes
1639 1566 1861 1607 Romanori'i
1876 1578 2028 1620 cogno·
2064 1615 2068 1618 ²

451 1625 609 1667 scendas
623 1638 634 1663 :
648 1637 806 1678 quarum
823 1623 996 1678 quaedam
1010 1621 1214 1668 Colossae,
1228 1621 1832 1678 Curules‚Equest1es‚Pedestres,
1846 1622 2032 1663 &habitu

449 1686 621 1723 variante
649 1683 690 1722 ὃς
709 1680 859 1722 diuerso
882 1695 891 1719 :
916 1681 958 1719 ὃς
980 1681 1048 1721 has
1068 1680 1205 1721 statuas
1226 1684 1340 1721 moris
1364 1679 1435 1721 fuit
1462 1681 1688 1722 Graecorum
1704 1680 1825 1720 nudas
1838 1693 2037 1735 ροηετωῐ

451 1750 494 1781 vt
510 1742 620 1780 animi
634 1741 906 1793 ingenuitatem
922 1737 1064 1792 absque
1079 1737 1154 1778 vllo
1168 1737 1649 1792 palliamentoindicare'nt
1667 1752 1677 1781 ;
1703 1746 1842 1776 atvero
1867 1738 2039 1777 Romani

453 1800 643 1836 tunicatas
673 1794 872 1836 collocare
892 1794 1175 1836 consueuerant
1191 1826 1200 1835 .
1226 1795 1508 1849 Exprimebant
1524 1807 1682 1850 quoque
1705 1797 1743 1833 in
1755 1793 1883 1834 statuis
1894 1807 2016 1846 equos
2028 1819 2039 1837 ι

452 1854 585 1893 leones
602 1883 611 1896 ‚
629 1853 814 1907 Sphinges
827 1880 835 1895 ‚
859 1852 901 1892 &
915 1853 1018 1892 varia
1034 1852 1206 1893 animalia
1218 1863 1362 1906 praeter
1377 1849 1566 1891 obeliscos
1579 1851 1700 1892 &alia
1711 1852 1828 1891 multa
1852 1882 1860 1891 .
1888 1852 1953 1891 De
1966 1851 2041 1893 sta-
2063 1862 2110 1915 C

452 1914 526 1952 tuis
538 1923 630 1950 vero
645 1908 728 1949 satis
739 1910 856 1948 multa
866 1905 997 1948 scribit
1010 1908 1151 1949 Plinius
1165 1908 1228 1948 lib.
1246 1913 1311 1961 36.
1327 1919 1446 1948 natur.
1463 1907 1545 1948 hist.
1563 1910 1630 1962 qui
1643 1907 1765 1948 tradit
1782 1909 1918 1947 Romae
1933 1907 2035 1947 simu-

451 1966 595 2008 lacrum
613 1969 774 2020 primum
789 1964 928 2004 Cereri
942 1979 990 2005 ex
1003 1964 1161 2020 peculio
1177 1968 1243 2022 Sp.
1258 1963 1372 2017 Caffij
1386 1995 1395 2010 ‚
1411 1979 1524 2020 quem
1538 1979 1694 2019 regnum
1708 1963 1951 2005 affectantem
1965 1980 2033 2020 pa-

452 2035 513 2064 ter
525 2021 641 2078 ipsius
655 2022 850 2064 interemit
862 2049 870 2058 .

511 2080 747 2120 Dubitatum
762 2080 782 2119 a
797 2075 1020 2133 quibusdam
1032 2101 1043 2122 ‚
1060 2092 1179 2134 quare
1195 2093 1242 2119 ex
1253 2078 1379 2119 statuis
1391 2079 1462 2119 illis
1473 2081 1659 2134 argenteis
1673 2078 1715 2118 &
1729 2080 1849 2117 aureis
1865 2078 2039 2120 Deorum

456 2138 500 2178 &
512 2140 733 2191 principum
755 2137 775 2175 a
800 2133 1081 2176 transeuntibus
1094 2136 1240 2189 aliquid
1256 2136 1460 2180 abradere,
1486 2137 1527 2176 ὅ(
1539 2142 1709 2177 reiecare
1723 2134 1770 2174 de
1787 2135 1901 2175 nodie
1914 2140 1950 2174 in
1964 2150 2038 2190 pu.

453 2194 566 2234 blicis
584 2196 654 2243 vijs
673 2206 751 2232 non
778 2195 977 2247 potuerit?
1011 2191 1085 2232 Sed
1104 2194 1299 2245 praeterin
1312 2193 1391 2232 hoc
1404 2197 1541 2247 capitis
1552 2205 1713 2246 poenam
1727 2191 1949 2232 excubabat
1976 2193 2039 2233 im.

453 2250 565 2292 Vrbe
577 2253 764 2291 continuo
775 2248 876 2289 miles
896 2247 1060 2288 vrbanus
1076 2249 1114 2288 ὃ(
1131 2248 1277 2302 vigilum
1290 2250 1338 2290 ad
1350 2250 1492 2303 templa
1510 2277 1520 2293 ,
1551 2251 1592 2287 δε
1613 2247 1702 2289 loca
1723 2251 1811 2286 item
1823 2248 2012 2301 publica-³
2024 2276 2035 2292 ,

455 2321 501 2349 ac
513 2309 626 2347 etiam
640 2304 841 2360 praefestus
851 2305 947 2358 ¹huic
960 2305 1163 2346 statuarum
1179 2305 1387 2351 custodiae3
1412 2308 1454 2345 ὃς
1469 2307 1534 2359 qui
1558 2303 1710 2344 militem
1722 2303 1906 2344 haberet:
1922 2303 2037 2344 &hic

451 2367 617 2404 Romana
628 2366 809 2404 Comitiua
822 2361 1136 2416 nuncupabatur:
1154 2363 1344 2415 vtlegitur
1365 2364 1403 2402 in
1427 2359 1738 2402 Caffiodorolib.
1752 2358 1862 2405 7.his
1884 2360 2036 2400 verbis:

454 2424 493 2461 si
504 2419 626 2475 clazfis
634 2419 796 2460 domibus
807 2419 970 2473 insidiari
968 2418 1062 2472 sblet
1072 2423 1181 2473 nequi
1205 2432 1315 2458 imum
1325 2430 1454 2458 votum
1465 2447 1476 2468 ‚
1489 2426 1627 2471 quanto
1635 2419 1744 2468 magis
1754 2419 1793 2455 in
1805 2418 1970 2458 Romana
1981 2420 2031 2456 ci-

452 2480 569 2517 uitate
589 2477 740 2516 videtur
759 2476 846 2516 illici
863 2506 872 2521 ,
886 2478 952 2530 qui
959 2479 996 2514 in
998 2476 1130 2527 plateis
1136 2475 1335 2529 pretiofitm
1345 2479 1480 2527 reperit
1490 2497 1501 2517 ‚
1512 2474 1611 2529 quod
1614 2472 1719 2528 pofflt
1727 2470 1867 2522 auferri
1878 2482 1893 2513 ‚2
1927 2477 2030 2512 Nam

456 2533 606 2588 quidam
628 2534 781 2585 Populus
804 2528 1286 2586 copifflffimusgfiatuarum‚
1303 2544 1420 2585 greges
1433 2535 1542 2571 etiam
1559 2526 1852 2584 abundanttffimi
1860 2543 2034 2585 equorum

453 2591 519 2629 tali
521 2590 610 2643 simt
623 2590 734 2629 tutela
736 2589 1028 2644 sbruandiqzmli
1039 2588 1086 2634 (9-
1097 2602 1182 2628 cura
1193 2588 1366 2631 videntur
1378 2586 1487 2640 affixi
1498 2620 1505 2628 .
1535 2591 1582 2630 Et
1594 2586 1690 2628 infra
1721 2600 1731 2626 .·
1755 2587 1888 2694 ,ἔφη
1896 2599 1963 2639 per
1977 2589 2036 2626 in—

453 2646 643 2686 diffionem
659 2647 758 2687 illam
770 2649 954 2687 Comitmae
968 2647 1136 2686 Romana
1148 2646 1218 2685 tibi
1243 2648 1459 2685 concedimus
1472 2646 1683 2696 dignitatem
1702 2666 1713 2676 -
1747 2647 1778 2681 O
1819 2646 1910 2682 cium
1934 2653 2036 2683 tuum

453 2706 500 2748 (φ
528 2703 656 2742 milites
677 2702 854 2758 confite-tos
868 2732 878 2747 ‚
900 2702 1187 2753 noctibuspotius
1209 2702 1596 2753 inuigilarecompelle:
1622 2703 1661 2740 in
1670 2700 1730 2740 die
1740 2709 1859 2739 autem
1870 2703 1996 2740 ciuitas
1995 2698 2039 2755 fi
2061 2688 2108 2740 D

453 2758 530 2813 ipfiz
547 2755 709 2807 cestodit.
744 2761 877 2812 Atque
889 2760 956 2798 hic
969 2761 1112 2799 Comes
1127 2760 1323 2801 Romanus
1333 2761 1491 2798 Romam
1507 2788 1516 2802 ,
1527 2759 1568 2798 ὃ(
1585 2771 1706 2812 opera
1719 2756 1834 2811 ipsius
1846 2755 2037 2797 seruabat.

510 2814 735 2856 Notandum
752 2817 789 2855 in
805 2816 886 2855 hoc
898 2815 1096 2857 statuarum
1111 2816 1455 2870 argumento,quod
1465 2815 1624 2856 tradunt
1636 2814 1914 2868 aliqui‚Diuum
1927 2812 2035 2852 Gre-

452 2875 600 2927 gorium
614 2885 786 2926 magnum
798 2875 1015 2926 praecipuas
1028 2872 1164 2912 Romae
1181 2872 1375 2916 statuas,&
1387 2872 1576 2927 quidquid
1588 2882 1671 2911 erat
1683 2871 1844 2911 mirandi
1855 2871 1983 2924 operis
1996 2871 2034 2907 in

452 2928 634 2983 Tyberim
651 2929 889 2982 praecipitari
900 2926 1031 2971 iussiffe
1042 2951 1051 2970 ,
1064 2939 1127 2968 aut
1139 2929 1325 2972 mutilari,
1340 2930 1382 2969 ὃς
1402 2929 1636 2971 comminui,
1647 2942 1694 2967 ne
1707 2927 1839 2968 fideles
1852 2928 1872 2965 a
1883 2923 2034 2978 religio-

455 3000 504 3026 ne
518 2999 644 3040 nuper
657 2985 823 3025 instituta
840 2985 902 3025 illa
926 2984 1053 3039 specie
1069 2985 1388 3028 distraherentur:
1401 2984 1462 3026 sed
1475 2986 1546 3025 tale
1559 2989 1751 3027 inuentum
1774 2981 1969 3026 maleuoli,
1992 2982 2036 3021 ὃς

455 3043 691 3083 historiarum
717 3045 836 3095 ignari
864 3071 874 3086 ,
901 3041 951 3082 fic
985 3042 1034 3081 de
1053 3040 1257 3082 mendacio
1269 3044 1534 3083 ‘conuincitur
1560 3072 1570 3087 ‚
1602 3056 1650 3082 ex
1680 3055 1759 3095 quo
1789 3037 2036 3081 Constantius

453 3099 574 3142 homo
604 3100 764 3139 Graecus
778 3128 787 3143 ,
816 3097 990 3154 perfidus
1010 3127 1018 3140 ,
1042 3100 1082 3138 δι
1107 3112 1268 3151 nequam
1283 3123 1295 3142 ‚
1321 3099 1524 3154 postquam
1541 3101 1705 3139 Romam
1716 3096 1778 3137 die
1811 3098 1944 3150 quinta
1982 3094 2036 3134 est

453 3153 632 3209 ingressus
659 3184 668 3198 ,
688 3169 818 3195 omnes
831 3154 966 3196 statuas
978 3168 1024 3194 ex
1047 3168 1120 3194 aere
1135 3185 1143 3198 ‚
1167 3156 1209 3195 &
1233 3170 1421 3196 marmore
1434 3156 1482 3195 ad
1496 3167 1670 3196 ornatum
1685 3154 1799 3194 Vrbis
1814 3151 1960 3206 pofitas
1975 3151 2032 3192 di-

454 3210 586 3252 strahit
598 3235 607 3255 2
620 3212 662 3252 ὃ(
677 3213 834 3254 nauibus
847 3212 894 3255 ad
905 3212 943 3252 id
959 3214 1187 3268 praeparatis
1202 3213 1366 3267 imponit
1379 3213 1541 3254 :deinde
1556 3209 1745 3267 quidquid
1758 3208 2032 3264 fiiperstitit.di.

1925 3280 1983 3306 re-
