2206 3480
431 101 498 159 ἤιε
623 91 726 144 DE
769 82 1207 140 PRIVAToR.
1250 82 1914 139 RoMAN.01>1‡BVs

534 190 651 272 De
674 189 1113 269 Priuatorum
1136 181 1405 293 aliquot
1431 185 1953 269 Romanorum
2070 193 2111 244 A

819 294 1135 410 Ορὼιις,
1259 300 1445 406 Cap.
1507 301 1641 382 lV.
1716 385 1718 387 ,

535 476 687 515 Riuatae
699 483 795 526 opes
809 468 851 509 &
862 465 952 525 ipsae
963 481 1106 522 magnae
1119 466 1246 509 fuersit
1255 468 1298 508 &
1309 480 1383 522 per
1395 467 1535 510 multos
1547 466 1697 524 sparsae:
1714 473 1855 525 quoni}
1873 474 2033 512 Senato-

546 542 686 575 res‚aut
700 529 892 578 Senatorij
910 525 1062 581 plurimi
1073 522 1218 569 fuerim
1231 523 1394 580 &longe
1405 525 1535 579 plures
1545 530 1702 580 Equites
1714 529 1913 569 Romanos
1926 528 2030 569 fuisse

439 597 554 644 patet
568 619 576 628 .
606 583 860 628 senatoribus
875 582 943 624 illis
954 579 1021 624 sub
1029 582 1202 637 Augusto
1212 579 1343 622 census
1352 581 1423 623 fuit
1435 582 1546 623 decies
1555 586 1597 621 H
1603 585 1634 623 S.
1648 583 1723 624 fiue
1733 587 2033 640 vigintiquinque

440 644 555 686 miHia
573 642 705 685 scuta:
731 640 936 696 Equitibus
963 653 1058 680 vero
1079 638 1211 680 census
1230 641 1596 694 quadringentorum
1610 669 1620 684 ,
1644 639 2031 695 quaeqfaciuncscuta„

438 700 578 743 dece'm
590 700 707 743 millia
721 731 730 741 .
758 702 814 740 Ex
829 697 939 739 disto
960 693 1072 737 censu
1085 725 1094 739 ‚
1114 700 1180 752 qui
1192 695 1368 737 omnibus
1380 696 1505 738 saltem
1518 709 1604 737 erat
1619 698 1772 738 debitus
1786 727 1795 741 ,
1812 697 1980 740 infertur
1991 714 2031 738 e-

437 762 528 800 tiam
539 755 743 815 plerosque
756 756 850 797 iilud
865 751 1077 795 exceffiffe.
1109 753 1232 794 Lubet
1247 752 1394 807 aliquot
1414 767 1462 794 ex
1483 754 1679 809 praedictis
1693 754 1875 795 diuitibus
1895 770 2031 796 recen-

440 815 520 857 sere
532 845 541 860 ,
569 821 670 857 inter
683 827 780 869 quos
795 822 878 853 erat
888 810 948 851 ille
959 805 1098 866 Craffin
1109 820 1373 865 cognomento
1387 811 1528 852 Diues:
1549 812 1596 851 de
1610 825 1691 866 quo
1705 813 1849 852 Cicero
1862 817 1898 852 in
1917 812 2031 853 Para-

440 874 538 914 dox.
550 875 676 927 inquit
691 884 699 913 :
712 874 767 911 M
771 867 1044 909 ultiaudierunt
1058 877 1152 908 exte
1163 890 1173 910 2
1185 881 1263 907 cum
1274 868 1429 910 diceres,
1442 870 1618 908 neminem
1635 869 1786 908 diuitem
1799 868 1871 921 esse,
1885 870 1957 925 nifi
1965 871 2029 923 qui

440 933 643 971 exercitum
659 925 933 984 suisfiue‘iibus
948 925 1043 964 alere
1047 922 1171 980 poffl’t.
1206 926 1296 976 Ergo
1321 921 1389 963 hoc
1405 925 1608 979 propostto,
1629 939 1815 980 nunquam
1829 931 1899 965 eris
1909 927 2029 967 diues,

438 996 635 1042 antequam
647 986 715 1025 tibi
727 999 778 1025 ex
793 979 1125 1037 tuispossefflonibus
1140 990 1282 1021 tantum
1296 979 1481 1033 reficiatur
1492 1010 1501 1024 ,
1517 992 1563 1018 vt
1575 994 1626 1020 ex
1633 997 1672 1021 eo
1688 985 1783 1021 tueri
1791 981 1868 1036 fex
1883 984 2031 1035 legiones

438 1047 487 1090 ὠ·
497 1055 626 1096 magna
637 1046 797 1096 equitum
808 1069 818 1084 ‚
828 1053 871 1079 ac
877 1039 1043 1092 peditum
1053 1038 1200 1078 auxilia
1204 1033 1308 1092 poffis
1323 1067 1330 1075 .
1348 1037 1447 1079 Haec
1461 1051 1541 1077 vox
1552 1036 1676 1080 Craffi
1689 1037 1778 1079 fuit:
1793 1049 1831 1079 vt
1846 1052 1959 1080 nemo
1973 1039 2032 1079 di-
2061 1027 2096 1077 B

439 1114 505 1141 ues
517 1099 582 1141 nifi
599 1103 661 1140 cui
678 1098 770 1139 tales
781 1110 898 1150 opes:
924 1097 1025 1137 idem
1041 1093 1120 1135 fere
1134 1094 1181 1135 de
1195 1092 1333 1136 Crasso
1348 1123 1358 1138 ‚
1379 1092 1444 1137 sed
1454 1093 1572 1148 paulo
1584 1096 1820 1136 contrastius
1834 1096 1939 1150 apud
1954 1096 2029 1137 Pli-

438 1162 540 1200 nium
552 1156 619 1198 lib.
627 1170 647 1209 3
657 1170 674 1207 3
683 1169 780 1210 .cap.
791 1168 805 1194 1
814 1169 852 1194 o.
864 1153 936 1193 ibi:
953 1156 1020 1193 M.
1031 1148 1170 1210 Craffin
1182 1150 1336 1204 negabat
1345 1151 1551 1203 locupletem
1563 1148 1626 1208 ff
1634 1175 1644 1195 ‚
1659 1153 1730 1207 nisi
1734 1154 1800 1208 qui
1808 1153 1954 1193 redditu
1968 1167 2035 1192 an·
2144 1154 2164 1177 s

440 1228 511 1256 nuo
524 1217 619 1253 tueri
627 1213 795 1265 legionem
805 1207 935 1267 pfft.
951 1211 996 1250 ln
1008 1208 1207 1266 agrisfiais.
1221 1210 1262 1247 H
1269 1210 1313 1248 .S.
1333 1209 1388 1248 bis
1399 1208 1526 1248 millies
1530 1207 1680 1265 pffdit
1692 1238 1703 1253 ‚
1721 1209 1933 1268 Qiritium
1944 1208 2032 1263 post

437 1272 574 1311 Sullam
585 1267 791 1324 ditiffimus.
818 1268 846 1306 V
855 1268 932 1308 nde
943 1265 971 1306 fi
982 1266 1066 1307 haec
1078 1269 1114 1307 in
1127 1268 1222 1321 agris
1235 1294 1244 1309 ,
1256 1266 1351 1319 quid
1365 1268 1401 1306 in
1416 1262 1526 1306 seruis
1539 1295 1549 1309 ‚
1564 1269 1600 1306 in
1614 1263 1808 1320 pecunia‘,
1818 1269 1855 1306 in
1871 1267 1976 1310 vans,
1988 1278 2033 1306 ac

435 1326 686 1382 supellectile,
710 1338 756 1365 ac
770 1326 883 1365 etiam
903 1325 941 1364 in
954 1323 1133 1364 domibus
1145 1333 1328 1377 quantum
1341 1320 1509 1363 habuiffe
1522 1322 1575 1363 est
1591 1321 1830 1364 credendum
1846 1332 1863 1364 Ρ
1886 1320 2035 1365 Scribit

436 1383 663 1427 Plutarchus
689 1384 725 1422 in
753 1379 889 1423 Craffo
902 1410 912 1426 ,
935 1378 1034 1420 solos
1056 1379 1279 1421 Architeeios
1301 1378 1348 1422 ἐφ
1362 1377 1497 1429 fabros
1518 1392 1597 1420 eum
1617 1382 1657 1419 in
1671 1380 1791 1434 seruis
1810 1379 1968 1441 habuisse
1986 1379 2039 1419 ad

436 1444 666 1497 quingentos,
678 1453 844 1495 quorum
859 1452 1019 1493 operam
1037 1436 1218 1478 elocabat
1234 1436 1271 1476 in
1289 1435 1400 1477 Vrbe
1412 1439 1527 1476 ruinis
1539 1465 1549 1478 ‚
1562 1435 1619 1477 vel
1634 1437 1832 1487 incendijs
1845 1437 2036 1477 obnoxia:

437 1508 481 1538 vt
492 1496 619 1539 seruos
634 1509 794 1554 quoque
810 1496 858 1536 ad
873 1495 1044 1549 reliquos
1060 1491 1138 1533 vsus
1154 1492 1260 1533 domi
1271 1492 1328 1543 vel
1344 1495 1381 1531 in
1398 1496 1511 1548 agiis.
1530 1494 1719 1534 Praeterea
1733 1494 1771 1534 L
1783 1495 1977 1534 Domitius
1989 1493 2037 1533 il-

438 1554 475 1597 le
486 1552 677 1596 successor
690 1557 726 1595 in
740 1552 912 1595 *Galliam
927 1549 1070 1594 Caesari
1082 1549 1292 1591 destinatus
1303 1578 1312 1594 ‚
1343 1553 1442 1604 agris
1465 1547 1551 1591 sane
1563 1553 1621 1591 ita
1631 1549 1858 1591 abundabat
1869 1573 1881 1593 ‚
1906 1555 1971 1606 qui
1988 1563 2039 1591 ex

437 1610 592 1654 Caesare
605 1611 672 1653 lib.
687 1610 802 1652 Ciuil.
814 1607 970 1662 Corfini
993 1605 1161 1649 obseffus
1189 1607 1238 1647 ad
1261 1609 1409 1647 animan
1417 1605 1488 1653 dos
1509 1606 1644 1648 milites
1659 1629 1671 1651 ‚
1689 1609 1734 1649 In
1757 1609 1922 1647 concione
1938 1619 2040 1660 agros

438 1683 489 1709 ex
506 1667 588 1722 suis
594 1665 853 1722 pcssffonibus
859 1666 1052 1718 pollicetur
1063 1694 1072 1709 ‚
1091 1674 1270 1719 quaterna
1283 1666 1322 1702 in
1331 1661 1490 1715 fingulos
1501 1666 1622 1716 iugera
1634 1686 1645 1708 ,
1664 1664 1711 1707 &¹
1718 1673 1789 1717 pro
1798 1674 1886 1704 rata
1899 1666 2036 1705 Centu-

437 1725 602 1767 rionibus
615 1754 623 1769 ‚
638 1723 899 1780 Euocatiffiue.
922 1724 977 1763 At
988 1722 1088 1762 enim
1102 1724 1259 1777 triginta
1282 1720 1470 1761 cohortes
1490 1721 1551 1760 ibi
1571 1721 1749 1765 militum,
1772 1719 1869 1762 idest
1881 1720 2033 1761 duode-

440 1786 516 1823 cim
530 1784 692 1823 circiter
705 1783 836 1822 miilia:
850 1795 893 1821 ea
907 1779 1107 1833 fintigitur
1117 1779 1375 1834 quadraginta
1385 1779 1477 1817 otto
1493 1777 1606 1818 millia
1619 1780 1791 1833 iugerum
1810 1790 1881 1818 :ex
1895 1778 2036 1834 quibus

439 1838 600 1894 duplum
612 1838 918 1880 Centurionibus
932 1838 975 1878 δε
988 1838 1164 1876 Euocatis
1177 1834 1397 1874 debebatur
1410 1867 1418 1874 .
1444 1834 1617 1875 ulterius
1629 1836 1768 1891 legitur
1781 1838 1817 1874 in
1834 1835 1964 1876 Plin.l.
1974 1849 1988 1876 1
2000 1839 2033 1874 8.
2056 1848 2101 1899 C

439 1899 516 1939 Sex
529 1895 689 1935 dominos
702 1891 874 1951 fimffim
894 1893 1024 1945 Astitae
1039 1887 1215 1947 pcfiedffe
1230 1890 1490 1947 fisbNerone‚
1518 1906 1607 1946 quos
1631 1892 1692 1931 ille
1710 1888 1951 1941 interficerit.
1973 1894 2035 1932 Ac

440 1954 556 1995 etiam
570 1955 718 1993 Seneca
734 1953 784 1992 de
799 1949 1009 2004 Tranquill.
1026 1962 1057 1989 c.
1074 1963 1084 1989 1
1099 1951 1194 1990 nde
1210 1948 1389 2003 Poppae'o
1404 1952 1572 2002 quodam
1599 1947 1665 1988 sub
1691 1947 1860 2003 Caligula
1883 1951 2034 2004 inquit:

439 2013 571 2051 Panem
586 2008 775 2063 &aquam
787 2005 948 2064 defiuſje,
969 2019 1046 2046 cum
1059 2015 1112 2044 tot
1120 2003 1280 2057 flumina
1288 2002 1478 2059 pofflsleret
1489 2008 1530 2044 in
1545 2004 1614 2060 suo
1625 2008 1782 2045 orientia
1801 2027 1812 2047 ‚
1825 2007 1875 2043 in
1890 2004 1960 2060 βω
1978 2018 2040 2045 ca-

439 2067 563 2107 dentia
578 2099 586 2107 .
623 2068 679 2105 Vt
694 2078 854 2120 quoqne
869 2077 916 2105 ex
933 2061 1271 2104 Strabonelibso.
1287 2062 1560 2102 Antoniusille
1585 2062 1735 2116 cosslega
1761 2065 1948 2103 Ciceroni
1974 2065 2037 2102 in..

438 2121 673 2166 Consulatu:
696 2125 831 2162 Totam
845 2119 1103 2173 cephaloniam
1112 2117 1265 2173 insulam
1276 2142 1287 2162 2
1308 2118 1411 2159 velut
1418 2123 1611 2170 proprium
1619 2121 1882 2170 patrimonium
1894 2118 2038 2167 habuit,

435 2180 609 2235 atqueibi
619 2179 788 2233 oppidum
798 2181 906 2217 etiam
923 2189 1057 2216 nouum
1079 2174 1227 2215 Hruxit
1241 2204 1249 2215 .
1275 2174 1430 2226 Qibus
1452 2189 1528 2214 non
1545 2172 1715 2215 dissimiie
1728 2197 1739 2218 2
1758 2176 1850 2215 rium
1866 2179 2037 2218 Seneca..

441 2236 550 2292 epist.
568 2242 631 2286 89.
643 2249 778 2276 auaros
789 2233 840 2274 sui
854 2236 1040 2288 temporis
1055 2228 1353 2284 ficinsequitur:
1376 2230 1678 2287 Qousquefines
1698 2229 2032 2286 pfffflonumpro-

436 2293 620 2348 pagabitis
630 2300 646 2332 ,ἔ
672 2301 767 2345 Ager
776 2291 1017 2334 vnidomino,
1028 2290 1100 2344 qui
1104 2287 1279 2340 populum
1293 2289 1406 2338 cepit,
1427 2286 1598 2340 angustus
1614 2284 1677 2337 est4
1698 2286 1882 2341 quousque
1895 2291 2036 2327 aratio-

439 2364 501 2392 nes
511 2349 653 2389 vestras
661 2350 871 2402 porrigetis,
895 2361 946 2387 ne.
958 2348 1237 2398 prouinciarum
1248 2344 1392 2398 quidem
1410 2342 1557 2398 statione
1575 2346 1735 2384 contenti
1751 2343 2036 2398 circumscribere

436 2406 655 2462 prediorum
665 2406 835 2446 modum?
858 2400 1225 2455 lllufiriumfluminz‘e
1236 2413 1303 2452 per
1306 2404 1496 2452 priuatum
1506 2398 1690 2453 decurfin,
1705 2400 1879 2443 &amnes
1893 2404 2035 2452 magni,

386 2500 389 2505 .
438 2477 724 2517 magnarumque
727 2465 887 2513 gentium
898 2463 1047 2501 termini
1054 2458 1170 2513 vsque
1179 2458 1231 2498 ad
1239 2457 1368 2498 ostium
1377 2456 1402 2496 ἂ
1418 2455 1529 2507 fhnte
1540 2455 1651 2505 vestri
1659 2457 1752 2511 sunt
1762 2488 1772 2496 .
1792 2459 1836 2496 H
1841 2455 1880 2497 ὀι-
1889 2472 2033 2512 quoque

364 2551 367 2556 Δ
434 2533 568 2576 parum
583 2517 656 2565 esu
675 2518 746 2572 '¹²st
761 2515 965 2568 latg‘fimdq's
986 2515 1121 2556 vestris
1143 2518 1261 2554 maria
1276 2513 1465 2556 cinxisti„
1486 2522 1588 2553 trans
1606 2514 1873 2558 Hadrianum,
1901 2514 1949 2556 εἴ]
1973 2516 2033 2554 Io-

441 2581 542 2617 nium
554 2601 565 2621 ‚
575 2577 623 2620 &0
632 2585 785 2629 Aegeum
794 2572 908 2625 vester
921 2573 1067 2612 villicus
1078 2580 1210 2623 regnet.
1222 2575 1265 2610 N
1268 2571 1314 2626 fi
1319 2569 1441 2625 infiaelae
1453 2573 1596 2611 Ducum
1605 2571 1785 2611 domicilia
1792 2579 2005 2622 magnorum
2017 2599 2027 2613 ,

440 2638 538 2674 inter
547 2631 1106 2688 vilffmarerumnumerentur.
1131 2630 1221 2668 Non
1237 2628 1352 2669 solum
1367 2628 1495 2683 plures
1508 2627 1597 2668 talia
1609 2626 1861 2682 possederunt
1874 2656 1884 2671 ,
1903 2628 2031 2668 verum

443 2692 651 2744 &quidam
665 2694 780 2730 etiam
791 2688 924 2730 eadem
936 2689 1045 2729 dono
1062 2696 1296 2740 receperunt
1309 2687 1329 2726 {1
1343 2684 1589 2738 Principibus
1601 2684 1765 2738 magnis:
1790 2685 1939 2724 Seneca
1954 2682 2028 2726 dc.)
2051 2677 2110 2728 :D

444 2745 577 2787 Benef.
591 2750 742 2802 inquit?
763 2745 977 2799 Beneficium
989 2744 1042 2784 eil
1054 2767 1066 2786 ²
1090 2743 1226 2782 donare
1245 2745 1401 2792 regiones
1414 2765 1426 2784 ‚
1450 2752 1517 2793 per
1534 2754 1623 2794 quas
1645 2751 1775 2790 magna
1781 2737 1963 2793 flumina,
1984 2741 2033 2782 (φ

443 2803 667 2857 nauigabilia
678 2803 892 2843 decurrant.
924 2805 1031 2842 Inter
1041 2797 1406 2841 huiusmodidiuites
1418 2798 1672 2839 numerandus
1695 2801 1805 2837 etiam
1828 2798 1865 2836 L.
1880 2799 2034 2838 Corne-

442 2861 513 2904 lius
529 2859 681 2904 Balbus,
697 2859 746 2900 de
757 2872 836 2913 quo
855 2858 932 2898 Dio
943 2858 1077 2905 lib48.
1093 2857 1137 2895 H
1141 2857 1272 2894 omines
1275 2853 1351 2908 fiaeae
1364 2854 1629 2906 aetatirdiuity's
1639 2855 1685 2897 ὠ
1698 2854 2031 2906 magnituds'neani-

449 2920 501 2958 mi
515 2915 751 2971 supergressus
769 2913 841 2959 efi3
859 2914 946 2953 adeo
956 2924 1002 2952 vt
1013 2916 1166 2952 moriens
1186 2911 1317 2963 populo
1338 2914 1499 2950 Romano
1520 2913 1667 2950 viritim
1691 2909 2034 2962 legaueritdenarios

446 2975 762 3026 vigintiquinque,
764 2972 844 3027 siue
857 2977 1013 3010 Aureum
1024 2971 1226 3009 Romanum
1239 2981 1375 3007 vnum.
1402 2967 1515 3006 Vnde
1532 2966 1591 3008 hae
1599 2970 1708 3009 redes
1720 2996 1730 3010 ,
1751 2977 1815 3008 aut
1829 2965 2031 3019 legatarios

448 3028 645 3070 immensos
656 3028 824 3068 habuisse
837 3025 1031 3066 thesauros
1045 3025 1169 3066 abillo
1184 3024 1424 3066 credendum
1438 3024 1490 3063 est
1505 3024 1601 3067 ‚Sed
1618 3023 1711 3080 quid
1725 3023 1773 3062 de
1788 3025 1933 3063 Seneca
1946 3022 2029 3075 phi·
2076 3059 2090 3076 ‚2

445 3085 617 3141 Iosopho
632 3088 830 3127 dicemus?
855 3082 1042 3123 dostrinae
1058 3081 1302 3136 &sapientiae
1317 3082 1422 3121 diues
1434 3110 1442 3125 ‚
1457 3093 1498 3120 vt
1509 3082 1623 3121 etiam
1641 3091 1888 3120 externorum
1904 3078 2031 3118 bono-

446 3156 551 3183 rum,
571 3144 711 3196 dequo
726 3140 886 3182 Tacitus
911 3139 1120 3186 14Anna1.
1142 3140 1287 3192 inquit:
1313 3141 1514 3190 Septuagies
1535 3138 1725 3191 quinquies
1746 3144 1893 3173 centena
1915 3136 2028 3174 millia

445 3197 631 3254 poffedit.
653 3200 728 3239 Hic
750 3198 886 3254 stupor
911 3196 1018 3253 quod
1037 3198 1184 3237 Seneca
1204 3196 1326 3237 minus
1350 3209 1391 3236 ea
1403 3193 1726 3250 respexeritinter
1748 3188 1873 3288 fluxa‘i
1901 3192 1943 3230 &
1968 3205 2032 3233 ca-

1876 3261 1946 3289 uca
1961 3278 1971 3294 ,
