2206 3480
388 118 491 166 304
569 100 661 156 DE
700 97 866 155 IVRE
905 92 1226 146 CONNVB.
1266 92 1489 146 INTER
1527 93 1724 148 c1vEs
1761 80 1976 149 RoM.‘

636 190 839 251 Admtfflrra
847 190 968 248 placet
982 220 991 229 .
1020 187 1094 228 Sed
1110 198 1234 239 praua
1248 187 1267 228 ὲ
1275 185 1459 241 fitnguine
1467 198 1590 241 prauo
2031 197 2073 252 A

630 252 668 290 Si
679 251 741 290 dos
748 250 803 305 fit
816 278 826 295 ‚
840 245 975 300 praesso
986 244 1040 285 eff
1051 248 1187 299 optima
1197 245 1356 285 conditio
1365 276 1376 286 .

407 312 463 358 Et
482 306 680 352 Hesiodus
691 301 862 351 ibidem}

636 364 778 420 Qaere
791 373 871 407 toro
879 361 1056 402 intactam
1068 389 1079 406 ,
1087 358 1254 414 pulchris
1261 373 1373 415 quam
1386 358 1547 402 moribus
1563 373 1666 403 ornes
1675 382 1690 406 ‚

634 425 723 464 Neu
734 420 787 477 stt
797 421 877 463 laeta
890 428 955 463 tua
964 419 1107 459 vicinia
1117 417 1217 463 labe,
1229 427 1353 459 caueto
1369 449 1380 460 .

406 483 455 527 Et
466 478 669 535 Euripides
679 479 893 533 praedictus
907 509 916 519 .

637 535 847 576 Sublimiori
853 548 984 589 genere
993 557 1004 578 5
1030 535 1097 590 qui
1104 542 1211 574 natas
1220 542 1352 586 petunt
1363 557 1375 579 2

631 591 815 648 Opibufhe
826 595 962 646 opimas
977 595 1139 643 coniuges
1150 615 1162 635 ‚
1175 601 1304 645 optant
1315 592 1407 632 male
1418 622 1430 634 .

631 649 699 692 Vbi
711 664 869 706 namque
875 652 998 704 potior
1015 662 1070 691 res
1083 648 1180 688 domi
1192 648 1246 690 eH
1255 651 1399 690 vxoria
1408 672 1422 693 φ

634 710 696 749 Vir
710 710 936 759 mancipatus
947 709 1030 746 iura
1041 719 1114 746 non
1126 710 1259 746 retinet
1266 705 1332 760 fiss'
1342 737 1351 746 .

629 765 776 811 Dotalis
791 763 858 803 ifle
872 762 1005 816 Cenfias
1015 760 1151 815 infelix
1167 766 1254 802 viro
1270 761 1344 806 esi,

629 822 718 877 ,Qi
727 818 908 874 difficilius
918 816 1024 871 efficit
1038 818 1238 860 diuortium
1251 851 1259 860 .

402 883 515 927 Hinc
529 879 634 936 apud
651 882 853 925 Romanos
867 880 972 917 inter
988 875 1128 916 liberas
1141 904 1152 920 ‚
1177 876 1219 916 ὃ(
1232 874 1386 917 seruiles
1399 874 1602 932 personas,
1624 876 1780 930 nuptias
1794 875 1884 918 olim
1897 890 2000 921 non..

398 937 610 984 constitiffe
624 934 882 983 certumestd.
898 932 1088 975 Proculus
1110 934 1158 973 D.
1173 934 1223 973 de
1241 936 1315 974 Iur.
1330 934 1530 990 dot.l.3.0
1544 935 1593 975 de
1607 934 1748 976 Incest.
1759 945 1870 989 nupt.
1882 950 1998 991 quam

399 997 456 1044 ob
471 1011 548 1038 rem
563 996 588 1037 fi
604 993 876 1040 ancillalibero
899 988 1104 1047 nupfiffet,
1133 988 1318 1043 dotisque
1345 995 1501 1032 nomine
1521 995 1724 1046 pecuniam
1747 992 1993 1039 numerasset,

398 1068 478 1101 nec
493 1053 773 1094 matrimonium
786 1060 891 1095 erat,
917 1061 991 1093 nec
1003 1050 1073 1088 viri
1088 1060 1131 1087 ea
1144 1049 1311 1101 pecunia
1325 1046 1446 1088 fiebat
1457 1070 1469 1092 ²
1493 1062 1607 1103 quam
1635 1059 1815 1103 tempore
1830 1052 1911 1091 iure
1927 1050 1999 1092 sta·
2016 1025 2056 1077 B

398 1122 487 1153 tuto
499 1124 618 1165 penes
631 1107 665 1149 se
682 1107 744 1151 vsu
759 1106 969 1163 coepiffet:
995 1104 1111 1160 plane
1130 1103 1156 1144 fi
1172 1104 1277 1159 apud
1293 1108 1412 1146 virum
1432 1103 1480 1145 ad
1499 1105 1718 1146 libertatem
1735 1106 1994 1160 peruenisset,

398 1164 702 1211 conua¹escebat
711 1161 1020 1211 matrimonium,
1039 1161 1260 1218 eodemque
1279 1161 1428 1209 soluto,
1455 1162 1598 1204 dotalis
1615 1176 1795 1218 pecumae
1805 1166 1997 1218 repetitio

396 1223 655 1279 competebat
667 1247 679 1268 2
696 1222 758 1265 ‚d.1.
769 1221 973 1264 Proculus.

456 1280 754 1324 Praetereaiusta
766 1283 1007 1325 matrimonia
1023 1293 1100 1320 non
1116 1281 1222 1324 inter
1244 1278 1385 1321 liberas
1408 1276 1670 1335 quascumque
1692 1276 1875 1333 personas
1890 1307 1901 1323 ‚
1930 1276 1997 1320 secl

396 1344 500 1384 inter
516 1337 615 1379 solos
630 1339 751 1380 Ciues
784 1339 987 1380 Romanos
1015 1335 1367 1381 contrahebantur.
1398 1337 1518 1378 Instit.
1546 1338 1596 1378 de
1620 1337 1780 1390 Nuptijs
1806 1336 1844 1375 in
1870 1338 2000 1390 princ.

399 1398 508 1439 Nam
521 1409 607 1437 cum
621 1397 771 1442 Latinis
784 1426 794 1441 ‚
807 1393 1097 1450 Peregrinisque
1110 1394 1347 1438 connubium
1359 1417 1369 1436 2
1382 1394 1449 1435 nili
1466 1396 1518 1433 eis
1533 1393 1755 1434 concessum
1769 1391 1881 1436 effen
1895 1406 1999 1434 non..

398 1466 497 1495 erat·
521 1453 779 1503 Senec.lib.4.
798 1452 847 1492 de
863 1451 1037 1493 Benefic.
1057 1454 1130 1493 ait:
1160 1452 1315 1506 Promifi
1324 1450 1393 1491 tibi
1407 1450 1536 1508 filiam
1554 1455 1593 1490 in
1606 1451 1901 1491 matrimonium:
1927 1460 1997 1502 po-

378 1510 464 1567 stea
475 1513 684 1564 peregrinus
692 1510 901 1564 apparuisti
908 1525 918 1555 ;
951 1522 1022 1549 non
1036 1508 1088 1549 εΗ
1102 1508 1198 1550 mihi
1216 1521 1293 1548 cum
1306 1517 1487 1550 extraneo
1505 1507 1739 1549 connubium.
1774 1505 2000 1547 Macrob.1.

402 1566 635 1623 Saturnjcap
651 1574 684 1609 6.
699 1569 892 1610 Libertinis
908 1581 1001 1607 vero
1019 1566 1118 1606 nullo
1127 1569 1207 1608 iure
1220 1569 1282 1605 vti
1288 1568 1483 1618 praetextis
1494 1564 1625 1606 licebat
1638 1579 1651 1604 .·
1670 1578 1713 1606 ac
1731 1563 1847 1604 multo
1876 1565 1999 1603 minus

394 1628 612 1678 peregrinis,
638 1625 769 1680 quibus
781 1625 880 1665 nulla
894 1623 971 1677 esset
994 1637 1071 1663 cum
1080 1625 1257 1667 Romanis
1269 1622 1488 1680 necessitudo
1507 1653 1515 1663 .
1542 1622 1644 1663 Hinc
1669 1623 1867 1662 maximam
1891 1619 1999 1676 apud

394 1683 591 1735 Populum
606 1683 787 1722 inuidiam
804 1678 1067 1721 fibiconflauit
1083 1684 1290 1725 Antonius,
1310 1679 1418 1736 quod
1431 1690 1572 1720 contra
1586 1679 1692 1735 leges
1702 1681 1844 1734 patrias
1856 1674 2000 1732 nupfis-

392 1736 450 1783 set
463 1737 685 1792 Cleopatrae
701 1766 711 1782 ,
739 1736 856 1777 refert
881 1736 1075 1777 Plutarch.
1092 1739 1266 1776 Necnon
1294 1738 1404 1791 quod
1422 1738 1537 1777 Titus
1551 1737 1768 1778 Berenicen
1785 1734 2000 1790 Aegyptia·-

399 1808 482 1836 cam
495 1798 624 1839 vxoris
636 1794 731 1838 loco
746 1793 911 1834 haberet
924 1816 934 1836 2
951 1804 990 1832 vt
1005 1793 1176 1848 proinde
1193 1795 1402 1847 repudiare
1420 1807 1500 1833 eam
1516 1791 1563 1833 fit
1578 1792 1750 1834 coastus,
1776 1801 1905 1832 narrat
1926 1790 1997 1830 Xi-

397 1850 590 1910 phiiinns;
605 1850 713 1902 quod
732 1865 780 1891 eo
791 1848 997 1909 processit,
1013 1860 1051 1889 vt
1063 1862 1112 1889 ex
1127 1849 1336 1903 peregrino
1349 1872 1359 1891 ‚
1385 1849 1428 1889 ὃ(
1442 1851 1541 1890 Ciue
1555 1849 1730 1889 Romana
1748 1859 1861 1888 natus
1878 1847 1994 1888 Pere—
2017 1852 2063 1903 C

399 1912 528 1964 grinus
555 1906 785 1952 nasceretur.
804 1905 1007 1961 leian.in
1029 1904 1228 1959 fragment.
1244 1906 1346 1946 tituli
1361 1916 1393 1956 ς.
1413 1907 1470 1946 At
1493 1903 1675 1946 eiusmodi
1704 1907 1995 1959 peregrinitatis

397 1963 711 2010 obseruationem
726 1963 884 2008 tandem
904 1961 1112 2005 ‚exoleuiss‘e
1126 1963 1356 2007 Prudentius
1371 1961 1480 2004 lib.2.
1494 1974 1635 2005 contra
1649 1966 1748 2018 Sym.
1767 1965 1821 2003 ait
1835 1993 1844 2003 .

739 2024 783 2062 N
786 2035 856 2062 unc
860 2032 930 2073 per
939 2019 1099 2075 genialia
1113 2017 1245 2074 fulcra

624 2080 786 2123 Externi
798 2078 850 2118 ad
863 2081 918 2118 ius
931 2075 1100 2131 connubg'j
1113 2090 1122 2116 z
1143 2090 1229 2117 nam
1232 2076 1412 2131 fimguine
1425 2076 1532 2118 mifio

626 2140 795 2181 Texitur
810 2135 962 2176 alternis
974 2133 1197 2186 exgentibus
1213 2147 1292 2175 vna
1300 2145 1463 2186 propago
1477 2167 1485 2175 .

462 2196 517 2237 At
531 2197 550 2236 a
563 2192 878 2237 Prouincialibus
891 2221 902 2237 ,
915 2189 1187 2245 cuiuscumque
1198 2191 1346 2233 ordinis
1360 2214 1371 2236 a
1386 2190 1539 2232 autloci
1556 2189 1692 2236 essent,
1708 2204 1793 2231 cum
1810 2190 1996 2233 Barbaris

396 2257 576 2307 coniugia
590 2249 771 2294 contrahi
783 2249 1089 2292 Valentinianus,
1107 2249 1146 2288 ὃς
1160 2248 1301 2288 Valens
1317 2248 1643 2303 prohibuerunt,l.
1656 2249 1770 2288 vnica
1784 2247 1831 2288 de
1847 2251 1994 2304 nuptijs

398 2310 614 2351 Gentilium
627 2313 664 2354 in
682 2305 787 2349 Cod.
803 2306 1116 2346 Theod.etenim
1139 2305 1317 2346 Patribus
1332 2319 1418 2346 cum
1441 2306 1558 2360 plebe
1578 2304 1820 2346 connubium
1836 2319 1883 2344 ne
1896 2303 1991 2345 esset

398 2381 460 2409 12.
477 2366 557 2407 tab.
576 2365 758 2411 sancitum
770 2362 835 2407 est,
849 2361 1175 2419 quemadmodum
1192 2360 1311 2405 refert
1322 2360 1554 2404 Halicarnas
1565 2375 1579 2402 1
1594 2375 1626 2402 1.
1644 2364 1812 2416 antiquit
1823 2374 1910 2401 cum
1924 2362 1992 2402 Li-

397 2427 463 2464 uio
480 2424 588 2471 lib.4.
603 2422 652 2466 ab
667 2423 767 2464 V-C.

456 2485 662 2525 Senatores
678 2490 837 2532 quoque
850 2478 1160 2530 senatorumque
1175 2474 1240 2525 filij
1267 2488 1408 2516 vxores
1428 2474 1574 2516 ducere
1591 2474 1906 2529 prohibebantur
1928 2476 1990 2517 Li-

396 2541 590 2584 bertinas,
604 2549 811 2592 quarumue
823 2544 1002 2589 parentes
1021 2544 1136 2574 artem
1153 2532 1338 2574 ludicram
1355 2532 1551 2574 feciffent.
1582 2532 1716 2573 Paulus
1743 2536 1779 2573 in
1804 2532 1824 2573 l.
1840 2534 1983 2586 quiSe-

399 2597 581 2639 natorD.
592 2594 641 2635 de
660 2594 755 2634 Ritu
770 2602 880 2646 nupt.
895 2589 1149 2645 eumdemque
1165 2591 1359 2631 Senatoris
1375 2589 1488 2632 filium
1503 2593 1689 2644 accipere
1707 2590 1891 2630 debemus
1904 2603 1983 2630 non

399 2665 546 2695 tantum
563 2650 772 2692 naturalem
785 2678 795 2695 ,
813 2662 941 2691 verum
952 2652 1062 2688 etiam
1078 2647 1327 2701 adoptiuum:
1347 2646 1560 2688 dummodo
1573 2647 1657 2687 talis
1673 2647 1841 2699 adoptio
1856 2661 1985 2688 eman-

400 2711 603 2765 cipatione
617 2705 811 2750 subsecuta
826 2720 903 2750 non
922 2702 1044 2746 fuiffet
1057 2703 1196 2748 solutat,
1220 2705 1242 2745 l.
1258 2703 1442 2746 senatoris
1466 2703 1582 2746 filium
1612 2704 1663 2744 D.
1676 2704 1726 2743 de
1741 2702 1900 2744 senator.
1916 2707 1984 2745 Se·
2010 2681 2060 2734 D

397 2770 544 2809 natoris
562 2776 689 2807 autem
704 2764 802 2808 filia,
817 2777 900 2818 quae
916 2776 1090 2816 corpore
1104 2761 1285 2816 quaestum
1299 2790 1308 2804 ‚
1326 2760 1385 2802 vel
1399 2771 1515 2803 artem
1530 2761 1718 2801 ludicram
1730 2756 1888 2804 fecerit,
1920 2769 1986 2802 aus:

397 2825 545 2865 iudicio
560 2821 723 2880 publico
734 2822 915 2861 damnata
926 2818 1037 2860 fuerit
1048 2841 1059 2862 2
1071 2821 1228 2872 impune
1243 2819 1442 2857 Libertino
1457 2818 1591 2858 nubit:
1607 2832 1678 2858 nec
1694 2820 1790 2858 enim
1807 2817 1937 2858 honor
1952 2817 1987 2857 ei

398 2881 568 2922 seruatur
581 2903 592 2922 ‚
612 2892 698 2933 quae
725 2876 761 2921 se
774 2880 811 2917 in
826 2887 972 2919 tantum
984 2874 1102 2919 scelus
1118 2875 1346 2921 deduxerit,
1372 2875 1398 2918 l.
1413 2877 1608 2918 Senatoris
1625 2874 1749 2917 filiam.
1764 2876 1812 2915 D.
1825 2875 1874 2915 de
1884 2875 1985 2919 Ritu

399 2938 633 2992 Nuptiarum
652 2965 662 2979 ‚

460 2994 671 3042 Senatorijs
684 2989 852 3046 personis
868 2990 1064 3045 exceptis,
1079 2992 1228 3032 caeteris
1241 2989 1420 3031 omnibus
1436 2992 1606 3044 ingenuis
1621 2989 1788 3032 Libertin
1796 3001 1832 3027 as
1843 3000 1983 3031 vxores

401 3053 546 3093 ducere
558 3050 640 3104 lege
654 3049 773 3103 Papia
788 3047 1010 3089 conceffum
1022 3044 1124 3087 fuifl'e
1140 3042 1272 3087 Celsus
1289 3048 1325 3087 in
1340 3048 1363 3087 l.
1379 3047 1461 3102 lege
1477 3047 1571 3088 Iulia
1590 3047 1639 3089 D.
1655 3046 1703 3086 de
1719 3046 1811 3084 Ritu
1828 3048 1982 3098 nuptia-

399 3123 499 3153 rum,
518 3109 558 3148 &
572 3108 650 3147 Dio
665 3104 799 3154 lib.54.
812 3102 1015 3148 affirmant,
1043 3103 1177 3158 &thoe
1191 3103 1291 3145 idem
1306 3106 1479 3144 indicare
1495 3104 1615 3145 voluit
1633 3103 1890 3142 Mauritianus
1906 3105 1943 3141 in
1959 3101 1983 3143 l.

396 3163 673 3206 obseruandum
687 3163 738 3202 D.
748 3161 796 3202 de
809 3162 902 3202 Ritu
916 3171 1023 3214 nupt.
1034 3158 1089 3200 his
1107 3160 1233 3202 verbis
1251 3175 1261 3201 :
1293 3161 1334 3200 Vt
1355 3159 1539 3212 infit-ioris
1548 3159 1686 3212 gradus
1700 3158 1862 3198 homines
1871 3172 1980 3211 eque-

377 3219 469 3273 stris
483 3246 494 3266 ‚
504 3230 551 3261 vt
557 3229 651 3275 puta
663 3248 672 3264 ,
684 3219 752 3259 vel
754 3218 891 3275 plebeis
901 3217 1056 3272 ordinis,
1071 3230 1212 3259 vxores
1225 3217 1426 3260 ducanteas
1436 3247 1446 3263 ‚
1461 3230 1552 3272 quas
1565 3217 1631 3271 qui
1639 3215 1778 3256 altioris
1791 3215 1982 3265 dignitatis

1810 3270 1927 3327 fimt5

2198 2713 2200 2718 -
2189 2678 2195 2687 .
2183 2658 2186 2660 ⁴
2180 2520 2197 2593 xj-h-
2174 2423 2175 2429 ⁴
2174 2225 2197 2319 ”nsi-“-

2198 2519 2206 2730 —m-zd-m-
2198 2322 2206 2505 ffl-..Qa
2200 2219 2206 2231 ,Α
