2206 3480
324 98 416 151 DE
458 97 668 149 VRBIS
712 94 867 148 SITV
906 95 993 147 ET
1034 91 1549 145 AMPLITVDINE.
1676 115 1735 155 33

56 206 97 257 A
133 197 225 237 dum
239 193 282 234 &
295 195 492 233 materiam
507 191 828 248 suppeditandam
843 188 997 232 abunde
1009 188 1290 232 sufficientibus
1302 222 1312 236 ,
1334 192 1399 232 vbi
1414 197 1617 249 temperies
1632 199 1729 238 aeris

132 251 443 309 perquamlaeta‚
461 251 505 291 &
525 250 734 290 commoda
756 263 766 293 ;
797 246 1403 305 nivoluptatumintemperantia
1416 251 1563 291 obesset
1581 284 1588 292 .
1623 254 1724 294 Her-

134 307 216 350 bofi
238 307 346 349 saltus
367 330 379 351 5
410 320 577 348 amoenae
587 306 702 347 valles
722 328 734 348 ‚
759 318 940 358 aquarum
963 304 1121 346 affluens
1148 305 1259 346 tellus
1282 321 1294 345 .·
1317 321 1385 347 ver
1410 307 1721 363 vbiperpetuum

133 378 216 421 atq3
225 366 353 406 alienis
366 362 551 404 menfibus
561 360 775 403 aestas.80lo
785 360 931 415 semper
941 363 1240 418 tepido,numqu
1247 378 1303 404 am
1313 364 1460 404 colono
1470 373 1699 421 repugnanti
1712 386 1721 413 ,-

114 423 199 464 -vbi
219 435 350 477 greges
367 443 380 463 2
402 431 569 460 armenta
588 448 598 462 ‚
624 418 739 458 altilia
773 431 936 473 quaeque
958 422 1105 471 optima
1126 423 1363 472 proueniunt
1386 436 1395 462 :
1417 422 1479 462 vbi
1507 429 1628 465 auium
1655 441 1720 465 au-

133 483 249 534 cupia
268 502 280 522 ‚
313 477 356 516 &
370 475 534 517 ferarum
555 479 778 515 venationes
800 476 1108 515 accommodatae
1131 503 1139 511 .
1173 476 1249 516 Sed
1276 478 1397 517 multo
1412 477 1608 523 hominum
1621 497 1720 537 prae-

129 537 310 578 stantiora
320 535 471 588 ingenia
479 532 627 587 semper
638 533 859 587 progenuit,
871 546 984 586 quam
997 531 1165 586 reliquus
1180 532 1285 572 orbis
1299 545 1504 576 terrarum.
1535 536 1716 580 Gentium

132 595 277 634 enimin
292 599 381 630 toto
393 590 491 631 orbe
502 587 801 646 praestantiflima
811 589 915 630 haud
927 588 1044 628 dubie
1058 590 1236 629 Romana
1250 594 1379 630 extitit
1395 605 1501 646 :quae
1518 606 1557 633 vt
1568 604 1717 638 coelum

128 647 249 705 ipsum
263 646 398 688 clarius
407 645 575 691 facerem
601 645 723 702 sparsa
737 658 992 702 congregaret
1005 649 1170 700 Imperia
1187 662 1196 691 ς
1222 645 1390 702 ritusque
1403 649 1572 690 molliret
1585 654 1626 692 ὃς
1643 667 1719 707 po-

127 705 242 763 pulos
254 703 453 746 discordes
478 728 489 749 ‚
511 702 682 759 ferasque
705 704 848 759 linguas
868 702 1051 744 sermonis
1068 707 1309 745 commercio
1330 706 1379 745 ad
1401 705 1603 761 colloquia
1622 723 1718 750 con-

125 762 322 807 traheret3
357 763 400 802 &
420 760 694 803 humanitatem
713 760 933 802 hominibus
944 760 1055 801 daret
1079 776 1091 805 ;
1113 761 1364 816 breuiterque
1383 776 1456 802 vna
1467 765 1719 807 candianum„

125 823 294 876 gentium
318 832 359 859 m
376 829 466 860 toto
479 819 576 860 orbe
594 820 720 874 patria
740 817 856 860 fieret
877 847 887 863 ‚
911 818 1050 858 diuino
1063 819 1216 858 numine
1228 818 1314 859 haec
1327 818 1571 861 vnafastaest
1590 824 1692 863 Vrbs
1706 840 1717 862 .-

127 880 304 931 quoniam
314 905 324 920 ‚
339 887 380 916 vt
392 878 519 931 inquit
528 874 638 917 Plato
653 890 664 916 ;
678 875 798 915 Nulla
801 873 914 928 potest
923 877 1063 917 Ciuitas
1059 874 1142 927 fine
1138 873 1278 926 sbuore
1285 880 1442 917 numinis
1448 887 1518 928 pro
1513 878 1621 932 spere
1634 893 1697 919 con
1706 904 1717 909 -

105 932 219 985 stitui
230 957 241 977 ‚
259 945 320 972 nec
315 930 480 983 feliciter
488 931 732 983 adminstrari
744 964 752 973 .
769 933 886 973 Vnde
899 936 953 973 ait
970 933 1169 974 Vitruuius
1181 932 1247 972 lib.
1257 947 1296 980 4.
1318 935 1459 973 Diuina
1469 946 1566 974 mens
1588 939 1718 976 ciuita-

126 1000 196 1031 tem
205 990 333 1041 Populi
345 992 500 1030 Romani
513 993 649 1042 egregia
659 999 931 1045 temperataque
942 992 1084 1041 regione
1095 990 1282 1029 collocauit
1307 1004 1316 1030 :
1339 993 1403 1029 vti
1420 989 1516 1030 orbis
1534 1002 1715 1032 terrarum

66 1030 105 1080 Β
125 1049 280 1100 Imperio
289 1048 471 1099 potiretur
493 1080 501 1088 .
533 1048 620 1087 Nec
644 1061 737 1087 vero
747 1046 883 1089 Afiain
898 1046 973 1087 hac
989 1045 1100 1088 Vrbe
1112 1044 1158 1086 ab
1170 1048 1324 1101 Europa
1345 1046 1522 1088 distincta
1545 1049 1598 1090 est
1622 1064 1631 1089 .-
1650 1048 1717 1091 sed

127 1108 254 1145 omnia
271 1104 609 1159 Romanilmperij
626 1105 803 1144 omnibus
813 1107 848 1144 in
864 1103 992 1145 medio
1007 1101 1169 1143 eiusdem
1184 1103 1303 1143 Vrbis
1324 1104 1450 1159 pofita
1461 1103 1546 1146 sunt
1570 1121 1578 1146 :
1600 1120 1714 1148 nemo

126 1167 162 1202 in
175 1165 449 1216 eaperegrinus
463 1160 639 1203 censetur
651 1190 661 1205 ‚
679 1161 801 1201 modo
815 1161 861 1202 fit
879 1164 1046 1215 Imperio
1058 1189 1068 1204 ‚
1081 1173 1147 1201 aut
1157 1160 1233 1200 fide
1245 1161 1383 1215 dignus
1404 1175 1413 1205 3
1441 1162 1511 1202 stat
1524 1177 1615 1203 vero
1628 1162 1714 1206 haec

124 1219 225 1259 Vrbs
239 1223 450 1258 communis
463 1230 650 1259 terrarum
669 1218 786 1258 status
807 1247 818 1263 ,
839 1216 944 1273 isque
963 1217 1163 1273 popularis
1187 1215 1253 1256 sub
1272 1221 1423 1272 optimo
1445 1223 1715 1274 imperatore)

123 1286 241 1330 atque
254 1274 626 1330 restore,omnesque
637 1274 743 1329 quafi
754 1279 791 1316 in
806 1289 1011 1316 commune
1025 1273 1149 1315 forum
1164 1279 1407 1315 conueniunt
1421 1299 1432 1318 ²
1448 1290 1523 1330 pro
1536 1275 1605 1317 suis
1617 1276 1714 1333 quis-

122 1347 199 1388 que
211 1335 350 1374 meritis
383 1336 537 1388 praemia
550 1331 705 1373 relaturi
729 1365 737 1372 .
773 1332 1005 1386 Qodvero
1024 1330 1094 1372 suis
1118 1331 1259 1372 finibus
1278 1361 1288 1376 ,
1314 1332 1562 1387 Regibusque
1576 1336 1712 1375 ciuitas

123 1394 312 1445 quaepiam
327 1388 401 1434 est,
423 1390 464 1430 id
478 1389 597 1445 ipsum
613 1390 666 1430 est
678 1405 687 1431 ε
700 1389 788 1430 haec
803 1388 1078 1430 vniuersoorbi
1091 1388 1194 1443 quafi
1209 1393 1421 1429 communis
1437 1390 1540 1430 Vrbs
1549 1394 1716 1444 prouin-

120 1451 188 1487 ciae
201 1452 318 1487 totius
333 1445 511 1488 censetur
523 1450 736 1488 conuenire
756 1459 904 1502 :porro
928 1449 966 1485 in
983 1459 1094 1486 vnam
1107 1446 1208 1485 hanc
1220 1458 1348 1486 arcem
1360 1447 1561 1487 comestos
1577 1462 1709 1488 omnes

121 1507 249 1544 totius.
266 1505 424 1558 Imperij
443 1503 898 1547 Romanihabitantes‚&
909 1501 1081 1556 populos
1092 1497 1340 1542 diuersaloca
1356 1501 1569 1544 incolentes
1593 1536 1602 1544 .
1621 1506 1710 1544 Nec

118 1574 212 1601 vero
226 1559 311 1601 haec
323 1558 385 1600 vlli
395 1574 572 1615 vmquam
581 1558 782 1606 defuit;sed
793 1570 833 1601 vt
845 1572 961 1601 terrae
972 1556 1173 1599 solumfert
1187 1563 1385 1603 omnes;ita
1398 1560 1440 1600 &
1454 1558 1541 1601 haec
1557 1573 1605 1602 ex
1628 1565 1710 1608 vni-

119 1615 230 1658 uerso
245 1617 343 1657 orbe
359 1616 601 1659 confluentes
612 1632 744 1659 omnes
754 1617 915 1673 accipit3
927 1614 1034 1671 quasi
1043 1630 1146 1657 mare
1156 1613 1310 1657 flumina
1325 1630 1333 1657 :
1346 1617 1386 1657 &
1397 1615 1509 1657 ficuti
1519 1632 1624 1659 mare
1636 1616 1709 1659 flu-

117 1677 268 1716 uiorum
279 1672 425 1717 influxu
440 1689 514 1716 nec
526 1679 643 1716 maius
659 1673 799 1716 crescit
816 1690 826 1720 ;
849 1679 901 1715 ita
923 1677 961 1714 in
978 1672 1052 1715 hac
1075 1673 1184 1715 Vrbe
1196 1677 1406 1728 quicquam
1417 1678 1532 1716 maius
1545 1689 1622 1716 non
1639 1691 1710 1730 ap-

117 1742 245 1788 paret,
255 1729 427 1773 sedintra
436 1732 553 1774 finum
565 1733 626 1774 illa
638 1730 964 1786 recondit20mnia
983 1761 994 1776 ,
1013 1732 1058 1772 Sc
1080 1732 1185 1772 intra
1198 1730 1234 1771 se
1249 1730 1522 1786 complectitur
1535 1733 1706 1788 :quippe

115 1790 222 1830 vitro
233 1793 414 1845 citroque
430 1790 644 1831 meantibus
660 1789 792 1831 eadem
810 1789 864 1830 est
886 1819 897 1834 ,
922 1788 1054 1829 eadem
1076 1789 1212 1831 vifitur
1229 1821 1237 1829 .
1270 1788 1368 1828 Hoc
1379 1788 1480 1830 adeo
1493 1804 1620 1830 verum
1637 1813 1647 1832 ‚
1666 1801 1709 1831 vt

44 1855 91 1904 C
117 1860 167 1888 ex
179 1845 256 1888 hac
271 1848 410 1888 Romae
420 1846 639 1901 frequentia
652 1848 832 1902 paulatim
846 1846 955 1887 ltalia
969 1847 1069 1901 pene
1085 1844 1232 1886 deserta
1246 1844 1465 1887 remanserit
1486 1862 1496 1891 ;
1521 1847 1562 1887 &
1577 1849 1706 1888 Varro

116 1907 189 1944 iam
201 1902 266 1944 suo
279 1918 363 1945 aeuo
382 1907 641 1959 conqueritur
651 1903 858 1959 plerosque
869 1918 917 1944 ex
929 1905 1074 1959 agi-isin
1102 1902 1251 1944 Vrbem
1290 1903 1517 1957 correpsisse
1538 1919 1546 1943 :
1568 1903 1613 1945 ἐϋ*
1626 1916 1704 1942 ma-
1725 1901 1728 1904 ⁴

117 1959 210 2018 lmffi
219 1974 345 2000 manus
353 1965 392 2001 in
402 1962 545 2002 theatro
555 1975 697 2003 mouere
706 1975 816 2017 quam
826 1965 865 2002 in
874 1970 1002 2002 aratro
1022 1990 1030 1998 .
1065 1961 1131 2000 De
1142 1974 1218 2015 qua
1233 1961 1355 2000 Orbis
1375 1957 1577 2000 solitudine
1591 1963 1704 2000 etiam

113 2020 217 2059 canit
227 2019 408 2061 Lucanus
421 2052 430 2060 .

946 2073 1110 2115 Videmus

338 2135 414 2175 Tot
423 2146 560 2173 vacuas
571 2132 697 2173 Vrbes:
708 2135 850 2184 generis
858 2129 928 2186 quc}
940 2131 1049 2171 turba
1058 2130 1206 2171 redac‘i'a
1220 2129 1272 2170 ef}

341 2193 387 2230 H
390 2192 516 2230 amani
527 2198 542 2229 ,ἒ
563 2199 638 2229 toto
641 2191 794 2241 populi,
818 2191 886 2243 qui
897 2190 1079 2243 nafiimur
1101 2188 1187 2228 orbe

338 2251 383 2288 N
385 2259 423 2286 ec
429 2259 549 2286 muros
557 2246 707 2298 implere
714 2248 812 2286 viris
821 2269 831 2288 2
843 2258 906 2285 nec
909 2241 1086 2302 pffimus
1095 2257 1196 2298 agros
1206 2259 1215 2285 τ

338 2303 426 2344 Vrbs
434 2316 497 2343 nos
505 2315 585 2343 vna
594 2305 712 2355 capit.

113 2360 285 2406 Eiusdem
300 2360 418 2402 Vrbis
429 2360 656 2416 magnitudo
668 2360 821 2401 duobus
842 2362 1074 2417 argumentis
1096 2362 1414 2417 comprobatur:
1441 2376 1604 2417 quorum
1628 2367 1706 2418 pri-

113 2433 215 2460 mum
227 2417 399 2459 iocosum
411 2440 424 2462 2
438 2419 488 2459 de
499 2431 579 2473 quo
587 2415 728 2459 scribit
739 2420 1000 2474 Lampridius,
1014 2418 1305 2474 Heliogabalum
1313 2419 1432 2475 seruis
1441 2419 1624 2479 imperaſj}
1637 2451 1644 2464 ,
1655 2431 1704 2460 vt

113 2489 233 2516 omnes
242 2489 396 2515 araneas
409 2475 610 2527 colligerent
619 2478 658 2515 in
667 2475 776 2516 Vrbe:
791 2485 903 2531 atque
910 2491 966 2517 eos
979 2474 1136 2534 colligffi
1144 2476 1197 2516 ad
1205 2476 1321 2518 decem
1338 2477 1452 2518 millia
1457 2478 1579 2530 pondo
1603 2494 1612 2522 ς
1637 2477 1705 2517 ad·

115 2530 249 2588 ditque
265 2532 558 2588 Heliogabalum
571 2531 850 2573 subieciffesVel
857 2533 945 2573 hinc
953 2533 1219 2586 intelligendum
1231 2547 1342 2588 quam
1353 2547 1481 2587 magna
1493 2536 1607 2574 Roma
1618 2534 1703 2586 estet.

114 2590 169 2629 Et
179 2590 336 2644 quidem
348 2603 479 2631 omnes
502 2587 582 2630 fere
595 2589 759 2643 'angulos
783 2589 987 2630 domorum
1003 2590 1264 2630 habitatarum
1277 2592 1410 2630 excuti
1424 2591 1636 2644 oportuisse
1653 2593 1702 2632 ad

115 2645 189 2685 tale
199 2646 482 2701 perficiendum
491 2646 650 2702 pondus
664 2645 858 2687 credibile
872 2647 943 2687 est.
957 2648 1137 2687 Alterum
1151 2658 1415 2701 argumentum
1427 2647 1530 2688 triste
1545 2649 1587 2689 &
1602 2651 1620 2688 a
1631 2662 1701 2703 pe-

33 2678 84 2732 D
115 2700 169 2742 ste
179 2718 190 2746 ;
201 2706 285 2742 vtin
301 2706 472 2753 Suetonii
487 2705 654 2744 Nerone
667 2703 818 2759 legitur:
828 2702 1047 2759 Acceffi‘runt
1058 2705 1169 2743 tantis
1178 2717 1230 2743 ex
1235 2706 1404 2756 principe
1411 2705 1514 2744 malis
1534 2735 1544 2750 ,
1567 2705 1701 2756 &sor-

114 2760 210 2799 tuita
220 2759 595 2813 quaedampefiilentia
608 2764 721 2800 vnius
741 2755 922 2802 Autumn'i
944 2785 954 2805 ‚
984 2775 1058 2816 qua
1067 2760 1187 2800 XXX.
1198 2759 1378 2812 fimerum
1392 2761 1506 2802 millia
1528 2765 1567 2802 in
1585 2766 1700 2802 ratio-

112 2814 352 2857 nemlibitinae
375 2826 559 2857 venerunt
573 2849 581 2858 .
603 2819 731 2869 Quod
747 2816 898 2872 Lipfius
913 2823 950 2860 in
964 2832 1097 2873 magna
1119 2817 1184 2859 illa
1201 2819 1330 2859 Roma
1343 2822 1501 2859 omnino
1511 2817 1697 2875 supponit

118 2871 409 2913 rescribendum
422 2884 597 2915 trecenta
609 2875 724 2916 millia
734 2908 743 2916 .
1078 2893 1081 2895 ’
1101 2905 1104 2908 «

171 2930 432 2984 Talemigitur
443 2929 550 2970 fuiffe
565 2934 731 2974 Romam
745 2935 784 2972 in
799 2930 940 2973 summo
956 2935 1034 2972 eius
1046 2931 1143 2974 flore
1157 2947 1166 2978 ;
1180 2932 1206 2973 fi
1220 2931 1563 2974 considereturilla
1574 2936 1609 2973 in
1628 2930 1693 2973 suo

118 2986 263 3026 ambitu
280 3016 290 3032 ‚
312 2987 357 3028 ὃ(
377 3001 462 3042 quae
477 2990 513 3027 in
527 2985 717 3039 suburbiis
739 2989 1010 3043 procurrebat
1026 3019 1037 3033 ‚
1062 2990 1114 3030 de
1137 2989 1276 3043 quibus
1298 2990 1442 3031 Plinius
1460 2993 1512 3030 ait
1535 3005 1543 3028 :
1562 2992 1694 3040 Expa-

116 3044 249 3084 tiantia
258 3044 354 3084 teHa
364 3043 496 3083 multas
509 3044 680 3097 addidfie
688 3046 794 3085 Vrbes
806 3060 814 3085 :
827 3046 965 3102 nempe
976 3058 1016 3086 vt
1031 3057 1093 3087 tot
1104 3046 1223 3087 effent
1246 3047 1371 3087 Vrbes
1382 3076 1391 3089 ‚
1405 3056 1506 3101 quot
1519 3043 1596 3100 ipsa
1610 3044 1645 3086 su
1652 3045 1695 3085 b-

113 3097 226 3139 urbia
238 3123 250 3143 ‚
266 3114 352 3156 quae
365 3100 500 3156 Tybur
523 3130 532 3144 ‚
559 3102 783 3143 Otriculum
808 3132 819 3148 ‚
839 3104 1014 3144 Ariciam
1037 3133 1048 3148 ‚
1072 3114 1190 3159 atque
1209 3104 1286 3144 alio
1312 3101 1575 3143 excurrebant
1617 3118 1626 3148 ;
1653 3104 1696 3144 &

112 3157 272 3196 maxime
284 3157 430 3198 Ostiam
446 3172 547 3199 mare
563 3157 689 3199 versus
704 3174 719 3200 1
733 3171 764 3208 ς.
778 3159 946 3201 milliaria
963 3176 972 3205 ;
999 3172 1040 3201 vt
1065 3175 1114 3202 ex
1137 3160 1329 3201 destinato
1350 3161 1518 3199 Neronis
1534 3158 1697 3200 consilio

110 3210 239 3266 inquit
262 3214 360 3255 Suet.
391 3212 522 3264 Ostiam
532 3220 773 3257 tenusmoenia
789 3227 1005 3270 promouere
1024 3233 1034 3264 ;
1065 3212 1359 3273 atqueinslefhffic
1370 3217 1697 3259 mareveteris'rbz'

1264 3276 1293 3315 E
1521 3272 1627 3312 iniri-
