2206 3480
284 84 376 137 DE
417 82 831 136 VENATIONE
871 84 958 136 ET
998 82 1575 137 AMPHITHEATRO.
1662 102 1760 145 219

92 187 133 240 A
159 176 384 220 Gladiatoris
410 177 566 218 cadauer
585 189 683 217 vnco
703 173 895 216 trahatur:
924 175 1141 228 gladiatoris
1165 174 1321 215 cadauer
1335 175 1375 212 in
1387 174 1558 227 spoliario
1578 183 1759 227 ponatur.

160 236 291 290 Qod
303 239 417 276 etiam
433 236 471 275 in
488 234 718 275 Domitiano
731 233 874 277 Vistor
899 231 1148 287 significauit:
1178 238 1231 275 At
1251 231 1401 272 Senatus
1423 232 1641 284 gladiatoris
1663 243 1763 271 more

150 291 375 347 sunus-ferri
383 321 393 337 ,
407 291 692 345 radendumque
707 303 834 331 nomen
844 289 1004 331 decreuit
1019 322 1027 330 .

221 351 410 405 Pegmatis
425 358 510 391 erat
522 346 602 389 vsus
616 351 654 388 in
668 347 875 390 Theatra,
901 344 961 385 seu
977 350 1130 388 Arena:
1153 348 1196 388 &
1218 346 1301 388 haec
1323 360 1467 402 magnae
1493 355 1604 388 erant
1614 343 1760 386 machi..

161 408 252 450 ωεξ-
265 408 390 461 ligno;
412 419 499 463 quae
508 418 584 447 vox
600 406 623 447 εἰ
635 402 749 445 Glosa
760 402 962 459 Confixum
988 406 1264 458 interpretatur
1277 434 1288 451 ,
1309 402 1403 444 hInc
1431 404 1531 448 dixit
1547 402 1755 450 Apuleius:

162 463 367 520 Confixiles
375 461 726 515 machinaeficblica:
756 468 876 499 turres
893 458 1104 500 tabularum
1122 461 1301 508 nexibus,
1325 460 1444 500 infiat·
1463 457 1749 511 circumfiraneae

160 521 310 564 domus,
318 518 477 571 floridae
490 518 665 570 piHurae:
686 518 815 558 decora
825 514 967 566 fiaturae
977 519 1187 557 venationis
1208 517 1431 569 receptacula
1448 549 1457 558 .
1487 517 1754 559 Atnostrum...

160 578 262 621 istud
277 591 354 616 non
369 575 472 616 aliud
487 587 600 631 quam
611 576 767 630 grandis
782 573 968 628 quaedam,
982 571 1231 627 &ingeniosa
1242 572 1524 619 contabulatio,
1539 589 1626 629 quae
1638 573 1753 630 spon—

164 646 205 676 te
217 635 259 674 δε
275 631 433 674 occulte
449 631 571 674 stat-im
587 630 804 674 cresceret,
816 629 936 670 statim
948 628 1173 674 subsideret.
1185 629 1414 675 Prudentius
1426 661 1435 671 .

391 689 547 730 Tabulis
569 689 729 743 ffiperne
743 686 864 730 {irata
873 687 1162 740 texuntpulptta

387 746 533 802 Rimofi
542 775 553 790 ,
565 749 646 786 rari
656 746 830 797 pegmatis.
840 743 1068 796 compagibus
1079 778 1087 786 .

157 805 260 859 Qae
275 814 434 844 ornatus
447 802 555 844 causa
568 803 662 843 tedia
677 800 885 857 aliquando
896 812 1076 855 argento,
1092 802 1150 843 vel
1166 816 1259 843 auro
1273 801 1389 843 refert
1406 802 1551 843 Plinius
1566 802 1615 844 de
1629 801 1748 847 Caio:

154 863 203 904 ln
212 863 344 902 circum
356 863 481 913 Pegma
490 860 605 901 duait
614 882 626 903 ‚
648 862 689 900 in
699 872 771 914 quo
784 857 896 910 fitere
907 860 1173 911 argentipondo
1186 869 1326 903 centum
1335 862 1657 914 vigintiquatuor.
1684 862 1749 900 Se-

152 932 253 960 neca
264 918 347 959 haec
360 913 545 972 expreffit
554 915 690 970 epist.9
701 931 730 957 1.
748 917 824 955 His
835 915 916 955 licet
927 928 1138 956 annumeres
1150 916 1429 960 machinatores,
1446 920 1514 971 qui
1518 926 1686 969 pegmata
1695 930 1748 955 ex

140 975 185 1031 fi
200 975 394 1030 fiir-gentica
413 976 642 1026 excogitant,
671 971 895 1017 &tabulata
908 972 1019 1012 tacit?
1043 975 1083 1012 in
1100 973 1259 1028 sublim?
1282 973 1495 1029 crescentia,
1523 975 1570 1022 φ’
1593 973 1684 1013 alias
1696 987 1749 1015 ex·

87 1018 127 1070 B
148 1034 336 1085 inopinato
346 1033 564 1071 varietates:
594 1039 659 1071 aut
668 1028 930 1083 dehiscentibus
942 1043 1021 1083 quae
1035 1029 1276 1078 colui-ebant,
1297 1039 1365 1070 aut
1378 1044 1457 1084 quae
1467 1029 1741 1128 distabanrisua

136 1088 271 1143 sponte
279 1087 559 1130 cohaerentibus:
582 1097 649 1127 aut
659 1088 704 1141 y}
713 1111 725 1131 ,
738 1100 817 1140 quae
829 1086 1056 1130 eminebant,
1075 1087 1259 1140 paulatim
1272 1090 1311 1126 in
1316 1085 1359 1139 se
1370 1087 1605 1140 reficientibus
1617 1115 1625 1124 .
1683 1102 1702 1127 r

144 1145 249 1189 dunt
262 1143 465 1188 Claudium
479 1144 769 1199 1mp.obieciffe
794 1143 1006 1198 aliquando
1036 1142 1165 1194 bestiis
1179 1175 1188 1189 ‚
1214 1144 1282 1199 qui
1309 1155 1486 1198 pegmata
1506 1147 1544 1184 in
1563 1142 1744 1189 scenam..

145 1216 282 1260 parum
294 1200 467 1244 feliciter
477 1199 757 1255 produxissent.
776 1203 934 1241 Sueton.
950 1204 990 1245 in
1007 1201 1179 1244 Claudio
1195 1215 1282 1257 cap.
1290 1215 1354 1255 34.
1366 1200 1742 1244 solebautinterdum

147 1264 201 1301 ita
217 1272 459 1313 componere
472 1259 612 1312 Pegma
624 1287 634 1303 ‚
651 1260 727 1309 vtij
739 1261 825 1312 ,qui
839 1256 1012 1311 impoliti
1026 1261 1251 1313 praecipites
1269 1255 1428 1299 ruerent
1440 1262 1477 1299 in
1495 1272 1632 1299 caueas
1644 1256 1743 1303 fera-

149 1330 233 1358 rum
246 1339 259 1360 ,
273 1316 406 1371 ibique
418 1313 749 1370 discerperentur,
763 1313 905 1359 Strabo
921 1314 970 1355 de
985 1315 1300 1357 Siculolatrone:
1331 1317 1419 1354 Eum
1431 1328 1493 1354 nos
1502 1318 1540 1354 in
1546 1311 1636 1367 foro
1649 1344 1659 1359 ,
1667 1314 1737 1368 per

151 1373 252 1415 ludos
261 1373 501 1426 gladiatorios
512 1371 667 1426 discerpi
677 1372 703 1412 ἄ
714 1371 814 1426 feris
825 1372 987 1411 vidimus
1003 1403 1012 1413 .
1034 1373 1080 1412 In
1099 1369 1252 1427 sublimi
1268 1375 1362 1411 enim
1386 1370 1551 1412 tabulato
1563 1383 1741 1425 tanquam

143 1434 184 1472 in
194 1437 313 1472 Aetna
319 1427 454 1481 pcsttus
462 1458 473 1476 ‚
495 1441 608 1481 eoque
620 1427 845 1481 compagibus
863 1427 994 1481 filum
998 1428 1125 1483 subito
1137 1428 1363 1473 concidente,
1374 1427 1447 1482 ips}
1458 1443 1601 1483 quoque
1613 1427 1740 1467 cecidit

142 1492 182 1529 in
192 1498 321 1527 cauea-t
333 1483 529 1537 serarum,
553 1498 630 1540 quae
646 1483 767 1536 jacile
774 1484 1049 1541 exsbluerentur
1060 1482 1161 1536 infra
1175 1485 1383 1526 tabulatum.
1402 1485 1447 1525 de
1464 1485 1649 1526 industria
1665 1484 1738 1539 difi

134 1545 268 1599 positas·
279 1571 288 1580 .
321 1542 399 1585 Sed
416 1542 459 1585 &
470 1539 704 1585 flammarum
717 1544 874 1601 quidem
890 1540 985 1582 lusus
998 1543 1040 1584 &
1052 1545 1176 1596 imago
1188 1542 1318 1586 inhoc
1334 1543 1535 1596 pegmate:
1570 1543 1611 1582 ὃ(
1639 1555 1740 1594 prae-

138 1614 202 1643 ter
218 1598 339 1641 relata
349 1613 421 1652 per
434 1598 689 1640 Claudianum
701 1629 710 1637 .
728 1593 923 1655 Vopiscus
936 1602 972 1640 in
984 1602 1152 1641 Carino:
1169 1602 1294 1652 Pegma
1303 1609 1483 1650 praterea
1505 1598 1739 1649 cuiusslam-

135 1661 205 1700 mis
216 1657 328 1712 fiena
344 1650 586 1708 cotfiagrauit
596 1670 609 1695 .·
634 1669 745 1711 quam
755 1655 1000 1697 Diocletianus
1013 1655 1140 1708 postea
1150 1655 1490 1710 magnificentiorem
1501 1655 1681 1696 reddidit.
1725 1686 1727 1690 .
1876 1700 1880 1704 ,
1899 1702 1902 1705 ⁴
1966 1701 1970 1706 .

152 1735 155 1737 >
196 1712 445 1769 Asupplicijs
462 1723 556 1755 ortae
569 1710 653 1754 sunt
665 1717 888 1754 venationes
907 1712 1207 1767 amphitheatri,
1236 1723 1302 1754 aut
1332 1712 1443 1754 certe
1466 1714 1487 1752 a
1510 1711 1707 1755 funeribus
1722 1735 1734 1755 a
1762 1700 1987 1767 ,sszw's’jfs

137 1770 238 1814 ficut
250 1769 554 1824 &gladiatores.
588 1770 699 1811 Hinc
715 1769 880 1813 Tertull.
893 1769 958 1814 lib.
972 1770 1023 1810 de
1039 1768 1244 1826 spestacul.
1260 1769 1318 1813 his
1332 1769 1482 1811 verbis:
1513 1768 1636 1811 offici
1648 1783 1737 1810 um..
1762 1785 1815 1805 22¹³-

135 1839 262 1870 autem
276 1830 435 1868 mortuis
445 1826 528 1868 hoc
540 1825 767 1882 spectaculo
782 1826 910 1868 facere
923 1825 960 1868 se
974 1838 1120 1869 veteres
1145 1827 1460 1870 arbitrabantur,
1496 1825 1732 1880 postquam..

137 1885 235 1926 illud
245 1885 473 1926 humaniore
487 1888 695 1927 atrocitate
711 1895 978 1939 temperarunt
995 1896 1007 1924 :
1035 1898 1119 1924 nam
1141 1884 1229 1926 olim
1244 1887 1425 1938 quoniam
1441 1886 1580 1923 animas
1593 1881 1733 1922 defun.

139 1941 469 1986 storumhumano
483 1940 658 1996 sanguine
673 1942 878 1996 propitiari
892 1941 1084 1982 creditum
1101 1951 1184 1981 erat
1197 1970 1206 1984 ,
1222 1945 1399 1994 captiuos
1417 1968 1427 1983 .
1445 1939 1503 1981 vel
1519 1938 1617 1979 malo
1630 1942 1732 1992 inge·

142 2003 209 2040 nio
219 2001 345 2041 seruos
360 2000 524 2041 mercati
535 2004 573 2039 in
586 2001 764 2052 exequijs
779 1997 1048 2040 immolabant;
1070 1996 1206 2051 postea
1222 1996 1367 2050 placuit
1376 1998 1610 2050 hnpietatem
1627 1997 1732 2035 volu-

139 2066 251 2111 ptate
266 2055 515 2100 adumbrare;
541 2059 676 2111 itaque
691 2068 790 2108 quos
804 2063 1037 2108 parauerant
1051 2056 1160 2093 armis
1171 2082 1181 2096 ,
1204 2052 1343 2108 quibus
1361 2063 1454 2092 tunc
1467 2080 1476 2096 ‚
1510 2053 1553 2097 ὅ(
1565 2051 1728 2107 qualiter

140 2123 331 2168 poterant
344 2112 537 2158 ‚eruditos
549 2121 698 2152 tantum
715 2120 757 2152 vt
773 2111 910 2150 occidi
923 2106 1116 2150 discerent
1129 2138 1139 2153 ‚
1163 2123 1255 2150 mox
1270 2110 1402 2150 ediCto
1414 2108 1476 2152 die
1489 2107 1733 2154 inferiarum

143 2169 246 2224 apud
258 2171 423 2210 tumulos
439 2167 676 2222 erogabant:
699 2170 751 2208 ita
764 2178 928 2209 mortem
938 2165 1167 2217 homicidiis
1189 2165 1487 2209 consolabantur
1501 2197 1510 2209 ,
1531 2166 1641 2210 Datae
1650 2164 1734 2209 sunt

140 2240 301 2281 quoque
316 2227 558 2269 venationes,
572 2235 610 2264 vt
624 2225 771 2265 animos
781 2226 933 2266 Giuium
951 2223 1001 2264 ad
1011 2222 1158 2264 caedem
1173 2221 1425 2265 assuescerent
1442 2252 1452 2268 ‚
1473 2223 1732 2278 exemploque

140 2283 336 2324 seruorum
349 2281 397 2323 ad
411 2281 532 2322 laudis
542 2310 552 2325 ,
568 2283 609 2321 δι
621 2282 790 2322 victoriae
803 2281 1063 2335 cupiditatem
1076 2280 1315 2321 accederent
1328 2313 1336 2321 .
1351 2281 1493 2323 Plinius
1503 2284 1540 2322 in
1560 2282 1730 2336 Panegy;

136 2343 220 2383 rico
232 2340 417 2380 Traiani:
449 2337 564 2393 Vtfitm
577 2337 878 2391 eftspec‘taculum
893 2337 977 2377 inde
990 2351 1063 2378 non
1077 2351 1223 2383 metue,
1240 2351 1303 2378 nec
1298 2334 1464 2388 fluxum
1479 2352 1489 2382 ;
1509 2351 1586 2377 cum
1600 2339 1641 2377 in
1652 2337 1733 2392 fim-

137 2409 264 2437 uorum
293 2399 564 2449 noxiarumque
573 2395 781 2446 corporibus
797 2408 900 2434 amor
923 2394 1062 2439 laudis,
1092 2395 1140 2439 ὠ·
1163 2395 1291 2447 cupido
1317 2396 1483 2436 vic‘loriae
1506 2404 1733 2436 cerneretur«.

137 2453 244 2496 Idem
259 2453 360 2508 pene
375 2453 423 2493 de
439 2452 735 2493 Gladiatoribus
752 2454 894 2494 Cicero
913 2465 949 2493 2-
965 2451 1126 2494 Tuscul.
1142 2457 1233 2494 Cum
1247 2465 1339 2491 vero
1358 2451 1482 2505 antes
1498 2450 1607 2500 firro
1622 2451 1733 2502 depu-

136 2509 300 2562 gnabant
310 2531 322 2553 2
332 2508 481 2550 auribus
487 2507 641 2564 sortaffe
649 2510 763 2553 multa
773 2538 782 2554 ‚
814 2509 924 2549 oculis
937 2510 1084 2563 quidem
1098 2509 1199 2552 nulla
1205 2518 1353 2562 poterat
1368 2506 1429 2563 ff·
1437 2505 1583 2557 sortior
1607 2517 1733 2551 contra

134 2566 293 2607 dolorem
307 2567 354 2611 ὠ·
366 2575 515 2605 mortem
525 2564 734 2618 disciplina.
762 2564 857 2606 Inde
871 2576 993 2606 autem
1009 2565 1147 2607 fastum
1165 2566 1237 2609 est,
1254 2576 1294 2605 vt
1304 2563 1420 2606 refert
1433 2563 1682 2618 Capitolinus
1693 2568 1729 2607 in

141 2622 568 2665 Maximo&Balbino:
593 2620 635 2661 Vt
652 2620 914 2676 proficifientes
939 2621 992 2661 ad
1001 2622 1131 2662 bellum
1147 2625 1386 2674 Imperatores
1396 2633 1524 2660 munus
1543 2620 1727 2671 gladiato-

50 2669 103 2721 D
138 2681 233 2718 rium
245 2680 289 2722 &⁴
310 2689 466 2719 venatus
478 2679 609 2719 darent
620 2711 628 2720 .
659 2681 745 2719 Fuit
763 2682 874 2718 etiam
888 2677 1021 2718 harum
1035 2680 1283 2720 venationum
1295 2676 1404 2718 causa
1417 2681 1728 2732 Imperatorum..

140 2735 322 2790 voluptas
338 2747 401 2776 aut
419 2736 554 2790 populi
569 2750 579 2780 ς
594 2749 678 2777 cum
691 2737 729 2786 ij,
745 2737 812 2784 qui
824 2735 963 2775 Romae
977 2749 1096 2776 onere
1111 2734 1251 2777 militiae
1260 2735 1434 2789 exempti
1449 2732 1729 2788 effentspesta-

139 2792 227 2833 cula
243 2796 357 2846 magis
373 2792 422 2831 ad
434 2793 671 2845 voluptatem
689 2806 803 2848 quam
817 2793 865 2834 ad
876 2794 1022 2834 animos
1039 2792 1202 2833 audacia
1216 2790 1475 2836 roborandos,
1489 2790 1728 2834 exhibeban-

134 2860 214 2890 tur.
237 2848 428 2901 Lamprid.
440 2852 477 2889 in
501 2849 761 2904 Heliogabalo
772 2865 784 2889 .·
812 2852 953 2889 Strauit
969 2848 1046 2901 fibi
1064 2850 1263 2890 triclinium
1274 2851 1314 2888 in
1331 2847 1476 2902 summo
1497 2847 1627 2902 lufim'o
1642 2875 1653 2893 ‚
1681 2848 1729 2892 ὠ·

133 2907 219 2946 dum
224 2905 427 2960 pranderet
436 2906 848 2949 noxios&venati0nes
858 2905 911 2945 ibi
935 2906 1128 2947 exhibuit.
1159 2907 1203 2947 Et
1227 2905 1276 2946 de
1299 2905 1439 2960 populi
1460 2904 1727 2958 voluptatibus

136 2962 434 3018 Capitolinusin
452 2961 511 3001 M.
526 2963 729 3003 Antonino
739 2961 981 3017 Philosopho
994 2966 1064 3004 ait:
1092 2958 1228 3017 Abftm
1242 2963 1372 3015 populi
1386 2964 1543 3002 Romani
1551 2961 1726 3012 volupta-

137 3033 188 3062 tes
206 3022 330 3061 curari
352 3018 586 3059 vehementer
605 3022 774 3071 pracepit
790 3030 858 3070 per
870 3016 1054 3074 ditifflmos
1078 3020 1248 3060 editores.
1279 3018 1528 3073 Symmachus
1544 3017 1727 3058 lib.10.e-

136 3078 219 3135 pist.
239 3092 296 3128 19.
306 3076 457 3117 Curules
467 3088 511 3114 ac
523 3073 683 3129 stenicas
697 3074 907 3128 voluptates
918 3079 1042 3122 Circo,
1057 3090 1101 3117 ac
1109 3079 1329 3129 Pompeiana
1343 3072 1642 3129 caueaefitperatis
1656 3105 1665 3115 .

193 3134 291 3175 Cum
308 3134 479 3176 Venatio
489 3134 613 3172 omnis
626 3133 760 3173 Dianae
775 3131 879 3173 sacra
897 3131 970 3174 effe
980 3133 1128 3176 dicitur
1138 3157 1149 3179 ‚
1171 3131 1348 3188 sanguine
1358 3134 1456 3172 enim
1469 3130 1638 3173 humano
1647 3131 1728 3189 pla-
1750 3131 1966 3171 Qibuxoqssa.

136 3204 216 3232 cari
233 3187 383 3234 solitam
397 3203 446 3232 ex
460 3192 617 3233 Aricini
632 3190 801 3231 nemoris
823 3188 1075 3248 religionibus
1092 3188 1232 3245 discas,
1253 3187 1393 3244 quibus
1406 3187 1584 3244 Regnum
1598 3191 1726 3231 Arici·
1750 3174 1815 3202 ’ω

1573 3258 1665 3287 num

1785 327 1912 362 chmata
1921 346 1929 356 .
