2206 3480
260 54 354 107 DE
395 47 610 104 ARMIS
649 46 1011 103 NOBILIVM
1049 42 1533 107 FAMILIARVM.‘
1634 56 1745 115 26?

46 158 87 215 A
108 149 208 194 riter
220 164 308 193 eum
326 150 502 206 propriis
516 148 662 192 vexillis
672 147 721 190 ad
737 148 872 204 praelia
885 160 1100 196 venerunt;
1120 147 1201 193 hoc
1214 150 1267 193 est
1279 164 1368 194 cum
1385 152 1657 201 Draconibus,
1680 166 1721 199 vt

111 209 274 251 testatur
286 213 470 265 Vegetius
482 209 589 250 lib.2.
606 221 695 262 cap.
710 218 726 249 ι’
736 221 771 262 3.

173 269 251 309 Sed
268 270 309 307 ὃ(
322 271 541 322 Imperator
553 263 631 320 ipse
642 265 878 320 peculiarem
897 265 1126 313 Draconem
1151 265 1254 309 suum
1281 270 1329 310 eir
1355 281 1533 325 purpura
1557 271 1721 317 extulit,

115 325 185 381 qui
202 325 318 366 color
332 327 487 381 Imperij
504 325 546 365 &
561 322 797 364 Maiestatis:
826 337 917 364 cum>
930 325 1154 365 Ammianus
1168 325 1332 367 affirmet
1346 337 1514 382 agnitum
1531 326 1719 370 Iulianum

114 382 342 439 Principem
354 393 405 423 'ex
417 395 618 437 purpureo
636 381 833 420 Draconis
850 382 972 435 signo,
984 380 1133 422 summae
1148 382 1265 426 hastae
1281 384 1449 439 longiori
1467 396 1618 440 aptato.
1630 388 1718 429 Cae·

114 450 241 480 terum
262 440 509 485 Draconarii,
525 440 565 478 Sc
578 435 784 491 Aquiliferi
802 436 1048 478 vocabantur
1059 468 1071 482 ,
1087 443 1155 493 qui
1169 440 1270 495 figna
1286 441 1500 485 Draconis,
1515 443 1577 483 vel·
1598 445 1725 496 Aqui-

117 497 164 538 1ae
174 496 372 553 gestabant
383 527 391 536 .
424 496 566 536 Plinius
579 492 877 535 recensetfetiam
895 495 996 534 inter
1005 494 1091 536 haec
1101 496 1204 549 figna
1217 498 1373 553 Lupam,
1390 513 1476 555 quae
1488 499 1647 541 iactauit
1655 511 1721 556 ge-

109 558 253 595 mellos
267 554 383 600 Vrbis
397 554 627 594 conditores
640 566 654 591 ,·
679 552 856 592 Vultures
867 581 878 595 ,
901 554 967 606 qui
979 550 1179 593 dederunt
1194 554 1404 607 auspicium
1426 556 1526 600 Vrbi
1543 557 1722 598 conden-

118 612 200 653 dae:
227 611 677 664 Minotaurum‚13quum
693 638 704 653 ,
735 607 888 665 Aprum
903 636 913 653 ‚
935 609 1015 649 &c.
1031 610 1200 664 Quippe
1224 614 1360 652 icones
1372 612 1513 653 ‘horum
1532 643 1543 659 ,
1567 614 1721 656 ficut&

117 669 274 724 Aquilae
286 696 295 712 ,
311 667 581 709 adorabantur
593 671 646 707 vti
661 670 824 721 propria
838 667 1045 721 Legionum
1058 670 1211 707 numina
1228 667 1338 709 :hinc
1349 668 1398 710 de
1411 671 1614 711 Artabano
1627 675 1724 713 Sue-

118 735 200 766 ton.
217 726 365 781 inquit:
390 722 638 780 Tranſjgrfiut
651 722 896 775 Euphratem,
919 723 1073 778 Aquilas
1085 722 1239 778 &signa
1252 726 1438 771 Romana,
1471 726 1722 782 Caesarumque

115 780 286 836 imagines
305 781 497 822 adorauit.
521 783 604 835 Qi
625 795 718 822 vero
743 780 986 822 haecvexilla
1007 780 1363 828 circumferebant,
1377 786 1610 837 ⁴Imaginarij
1624 814 1633 828 ‚
1661 784 1721 824 seu

112 834 350 895 *Imaginiferi
364 838 628 881 vocabantur.
642 838 719 880 Sed
735 836 999 879 exarabantur
1010 839 1049 878 in
1063 838 1218 879 vexillis
1232 853 1394 896 quoque
1409 838 1489 896 ipsa
1507 843 1725 897 Imperato-

120 913 203 938 rum
216 898 373 938 nomina
387 896 509 937 aureis
530 894 823 937 characteribus
835 926 844 937 .
861 896 1010 937 Seneca
1023 898 1062 937 in
1075 894 1290 939 Thebaide
1301 930 1311 940 .

626 961 745 993 Aurea
759 951 896 992 clarum
904 963 993 993 nota
1071 987 1076 990 .
1157 986 1160 987 γ
1243 968 1246 972 ’
1334 970 1335 975 ’

347 1014 494 1052 Nomen
506 1010 635 1050 dacum
651 1009 800 1050 vexilla
804 1010 1057 1066 praefiriptum
1054 1006 1217 1063 jerunt-⁷
1271 1036 1272 1039 =

116 1071 224 1124 Qin
237 1071 350 1110 etiam
367 1068 461 1109 ritus
473 1067 638 1122 eligendi
652 1081 794 1108 nouum
810 1071 1089 1122 Imperatorem
1102 1069 1256 1111 videtur
1266 1068 1372 1113 fuiffe
1390 1086 1401 1117 ς
1433 1081 1478 1114 vt
1502 1085 1642 1113 nomen
1659 1076 1721 1114 in,

117 1126 267 1169 vexillis
277 1123 616 1182 praescriberetur:
642 1135 681 1165 vt
700 1123 748 1164 de
771 1123 1004 1185 Vespasiano
1015 1127 1215 1182 appellato
1233 1127 1282 1169 ad
1304 1132 1532 1184 Imperium,
1561 1131 1720 1172 Sueton.

116 1188 268 1239 inquit:
294 1180 468 1239 Assensere
479 1183 620 1228 cunm,
648 1194 849 1237 nomenque
860 1184 935 1222 eius
955 1186 995 1223 in
1008 1185 1164 1226 vexillis
1173 1185 1335 1227 omnibus
1350 1186 1440 1240 stne
1463 1199 1565 1228 mora
1594 1187 1722 1243 instri-

162 1250 270 1282 erunt
285 1274 295 1283 .
687 1261 690 1265 ·
771 1276 775 1279 .
815 1272 819 1275 -
960 1254 963 1257 ¹
1271 1250 1275 1254 “

114 1242 251 1340 PsSed
263 1302 363 1341 inter
373 1297 480 1355 -figna
491 1297 671 1354 peditum
681 1297 753 1341 iam
771 1298 902 1345 relata,
916 1298 1103 1355 Augustus
1113 1300 1366 1355 peculiariter
1380 1300 1506 1357 pilam,
1524 1300 1586 1342 seu
1596 1300 1718 1356 sphae-

119 1370 200 1402 ram
219 1355 451 1402 constituit,
474 1370 558 1412 quae
571 1359 702 1412 vtique
714 1356 864 1398 Orbem
880 1369 1067 1399 terrarum
1083 1357 1249 1400 referret
1260 1388 1270 1404 ,
1283 1368 1516 1413 notaretque
1528 1357 1721 1400 subiectas

120 1414 294 1469 Imperio
305 1416 676 1468 Romano-regiones
714 1417 912 1468 Equitatus
930 1413 1052 1468 ›ipfius
1078 1416 1217 1456 vexilla
1233 1415 1388 1456 fuerunt
1405 1416 1546 1470 quadri
1564 1417 1605 1457 &
1624 1416 1719 1456 voli-

121 1481 247 1512 tantes
262 1470 420 1526 pannuli
431 1470 593 1511 exhasta
607 1467 796 1525 suspensi.-
818 1472 861 1512 &
883 1473 962 1512 hoc
986 1476 1125 1512 nummi
1139 1470 1299 1513 suadent
1315 1487 1359 1514 ac
1377 1473 1527 1527 lapides
1544 1475 1694 1528 antiqui
1712 1506 1721 1514 .

118 1527 268 1581 Lipsius
295 1527 348 1568 de
361 1526 477 1569 Milit.
488 1528 604 1567 Rom.
613 1527 723 1575 lib.4.
743 1528 897 1584 Dialog.
907 1544 940 1580 5.
951 1532 991 1569 N
995 1529 1094 1569 ofira
1104 1539 1189 1572 atas
1197 1534 1332 1572 retinet
1340 1533 1380 1570 in
1390 1533 1554 1585 equitum
1569 1528 1698 1571 bandis
1709 1559 1720 1576 ‚

116 1585 201 1640 &si
207 1583 337 1635 fhrma
340 1584 534 1636 paululum
556 1583 718 1638 diuersa:
734 1585 1072 1637 propiusaccednnt
1082 1587 1298 1639 templorum
1318 1588 1466 1628 vexilla
1479 1617 1488 1632 ,
1512 1601 1592 1642 qua
1618 1591 1657 1628 in
1671 1588 1721 1628 lu·

114 1641 309 1683 ΞΒνατίοηε
330 1638 608 1696 &proceffibus
636 1642 958 1692 circumferuntur.
996 1644 1064 1686 Ab
1085 1644 1144 1684 his
1158 1644 1344 1700 vexillis(
1360 1658 1446 1700 quae
1459 1643 1649 1686 Flammea
1663 1645 1725 1685 di·

121 1699 342 1749 cebantur)
363 1703 555 1754 equitatus
582 1698 648 1739 alae
668 1698 781 1740 distae
796 1699 1187 1742 suntvexillationes.
1218 1705 1429 1756 Vegetius:
1457 1703 1630 1755 Equitum
1641 1703 1727 1748 ala,

119 1755 223 1812 quod
231 1765 427 1808 protegant
437 1760 529 1796 acies
540 1784 549 1800 ,
570 1769 648 1810 quae
657 1768 753 1795 nunc
761 1755 1030 1796 vex-illationes
1041 1767 1224 1798 vocantur
1239 1772 1248 1799 ε
1259 1762 1348 1813 quia
1362 1758 1468 1801 velis,
1478 1758 1546 1798 hoc
1558 1757 1731 1812 essflam-

54 1826 102 1877 C
120 1813 226 1855 mults
239 1821 420 1854 vtuntur.
446 1814 677 1853 flammeum
705 1814 805 1854 enim
818 1825 968 1855 veteres
982 1815 1233 1869 appellarunt
1245 1816 1383 1860 Velum
1399 1817 1535 1857 crocei
1551 1815 1696 1857 coloris
1707 1845 1718 1860 ,

122 1885 204 1927 quo
219 1871 354 1925 capita
367 1870 610 1924 obtegebant
623 1883 738 1910 nouae
748 1869 916 1926 sponsae3
931 1881 973 1911 vt
983 1871 1071 1913 alias
1087 1871 1250 1913 diximus
1261 1904 1271 1913 .

179 1929 271 1969 Non
286 1925 481 1969 diffimiles
494 1928 723 1982 apraedistis
735 1926 891 1968 fuerunt
906 1927 1050 1969 refferae
1065 1957 1074 1973 ,
1093 1926 1154 1969 seu
1167 1927 1337 1983 symbola
1350 1958 1360 1972 ,
1380 1942 1466 1982 quae
1477 1931 1581 1968 vnius
1598 1929 1720 1984 singil-

118 1984 223 2026 latim
234 1984 414 2029 hominis,
427 1982 489 2026 seu
498 1984 630 2040 stirpis
644 1999 867 2026 communes
880 1983 1047 2027 fuerunt:
1059 1986 1198 2025 etenim
1212 1991 1477 2039 Agamemnon
1495 1997 1615 2039 caput
1625 1987 1723 2027 Leo.

117 2045 176 2083 nis
191 2040 295 2082 velut
306 2045 463 2083 iconem
475 2044 634 2082 terroris
645 2041 805 2082 habuit:
822 2040 1051 2083 Alcibiades
1065 2042 1269 2096 Cupidini
1279 2071 1289 2086 ,
1303 2046 1368 2098 qui
1383 2042 1724 2097 complectebatur

119 2097 282 2140 fulmen:
315 2098 543 2141 Alexander
562 2098 618 2137 M.
633 2099 845 2139 Victoriam
864 2096 1057 2138 sedentem
1086 2111 1131 2139 ac
1154 2097 1343 2140 stabilem:
1376 2098 1600 2141 Antiochus
1626 2102 1723 2141 Leo-

118 2170 207 2196 nem
218 2168 306 2196 cum
317 2156 510 2195 Caduceo
527 2168 536 2194 ε
552 2154 812 2196 Archimedes
832 2154 1020 2196 caelestem
1036 2154 1235 2210 Sphaeram
1246 2156 1458 2211 :Augustus
1468 2157 1723 2212 Sphingem.

119 2213 182 2253 Ita
194 2216 309 2253 etiam
325 2211 466 2253 Cadmi
481 2209 687 2265 posteritas
705 2215 957 2267 Serpentem:
975 2212 1339 2267 Carthaginensium
1355 2216 1488 2254 Duces
1506 2213 1662 2260 Piscem,
1676 2229 1722 2257 ac

116 2268 281 2326 superne
294 2270 519 2310 Coronam:
531 2270 757 2310 Cincinnati
770 2269 1033 2324 capillaturam
1047 2283 1060 2309 :
1082 2272 1169 2311 Indi
1183 2272 1306 2325 Reges
1322 2282 1433 2311 ter-na
1446 2285 1553 2312 aenea
1570 2273 1729 2328 cymba-

117 2326 152 2368 la
171 2327 425 2382 :Scipionum
437 2326 599 2367 Familia
616 2323 756 2367 Rosam
775 2341 783 2367 :
801 2328 1000 2382 Torquati
1016 2328 1154 2369 Romae
1171 2338 1349 2383 torquem
1364 2357 1373 2372 ,
1391 2330 1469 2369 &c.
1483 2330 1533 2368 Vt
1548 2344 1595 2371 ex
1610 2332 1724 2381 varijs

115 2380 374 2438 scriptoribus
391 2383 521 2424 relatis
536 2397 606 2438 per
624 2382 912 2425 Petrasanstam
925 2385 976 2425 de
994 2382 1162 2426 Tefl'eris
1181 2385 1542 2440 Gentilitiiscap.3.

175 2439 432 2496 Vvolfangius
446 2444 484 2481 in
499 2443 723 2481 Comment.
741 2441 909 2482 Roman.
920 2442 1093 2498 Reipub.
1105 2442 1216 2493 lib.9.
1233 2456 1361 2497 cap.3.
1376 2444 1530 2484 videtur
1542 2457 1725 2497 compro-

115 2497 218 2539 baffe
233 2495 395 2553 praefata
410 2497 468 2538 his
483 2498 612 2539 verbis
627 2513 637 2539 :
670 2498 994 2554 Qemadmodum
1007 2502 1244 2541 incitamenta
1255 2503 1411 2540 virtutis
1426 2502 1600 2540 Romanis
1608 2504 1645 2540 in
1651 2513 1725 2553 pa-

117 2567 155 2594 ce
165 2554 330 2608 quadam
343 2553 513 2609 domique
520 2553 684 2605 fuerant
694 2569 708 2594 .·
726 2559 780 2594 ita
811 2554 915 2607 foris
926 2558 964 2595 in
975 2556 1074 2596 bellis
1087 2556 1229 2597 stimuli
1235 2556 1288 2596 ad
1297 2569 1353 2596 res
1366 2557 1541 2608 praeclare
1548 2559 1722 2608 gerendas

116 2614 268 2650 maiores
282 2620 410 2652 erant.
441 2613 551 2653 Dona
575 2611 716 2666 seilicet
737 2614 937 2656 militaria,
963 2613 1140 2664 prudenti
1159 2616 1302 2653 ratione
1319 2617 1480 2664 primam
1490 2617 1722 2666 excogitata,

116 2666 164 2710 ὠ·
173 2666 335 2719 deinceps
345 2681 424 2708 cum
433 2671 591 2720 Imperio
604 2672 657 2708 ita
670 2670 818 2709 inantia
830 2692 841 2712 ,
860 2678 909 2706 vt
918 2678 1008 2722 quot
1021 2669 1173 2724 quisqcte
1186 2667 1366 2721 stipendia
1381 2667 1521 2727 jeciffet
1532 2694 1542 2714 2
1559 2681 1649 2725 quot
1664 2685 1719 2711 co-

114 2736 224 2762 ronas
235 2746 246 2765 2
262 2724 309 2766 ὠ·
319 2725 440 2778 quales
453 2723 648 2781 meruiffit;
666 2734 754 2779 quot
767 2725 930 2766 armillas
943 2723 1131 2781 &ssasane
1141 2756 1150 2770 ‚
1165 2735 1255 2780 quot
1264 2736 1434 2781 torques,
1449 2729 1574 2782 quales
1585 2727 1718 2780 phale-

112 2793 191 2823 ras,
214 2778 333 2830 hastas
346 2792 458 2832 puras
470 2804 480 2823 ‚
504 2783 584 2834 pila
598 2812 608 2826 ‚
637 2781 846 2827 baltheum
876 2782 954 2822 haec-
962 2786 1083 2823 omnia
1103 2783 1221 2838 stapra
1243 2784 1398 2838 clypeum
1422 2784 1469 2827 ἐφ’
1487 2786 1626 2836 galeam
1651 2797 1720 2838 ap-

107 2837 225 2891 posita
235 2865 246 2879 ‚
256 2839 296 2876 in
312 2836 555 2889 bellisgefiari
574 2838 689 2893 fialita
699 2869 708 2883 ‚
723 2852 801 2880 cum
807 2842 908 2892 pacis
918 2842 1044 2880 munia
1056 2843 1188 2881 iterum
1214 2838 1371 2885 loueret,
1398 2839 1541 2881 domum
1554 2841 1720 2898 regreffizs

112 2896 269 2945 optimus
279 2891 433 2948 quisque
453 2893 687 2949 fiis—penderet
696 2910 707 2941 ;
724 2910 837 2951 eaque
850 2906 1144 2938 ornamentorum
1159 2922 1168 2940 ,
1185 2897 1267 2947 fine
1284 2898 1472 2952 insignium
1488 2900 1560 2939 loco
1574 2922 1585 2942 2
1615 2892 1719 2951 longa

103 2947 318 3006 fhcceffione
328 2951 382 2991 ad
385 2949 627 3003 posteritatem
638 2952 902 3007 transmitteret
911 2985 919 2994 .
935 2953 1178 3009 thoflquam
1191 2955 1392 2995 inclinante
1399 2958 1555 3009 Imperio
1565 2979 1575 2998 >
1601 2958 1654 2994 M
1656 2970 1720 2995 ar..

114 3011 280 3048 comanni
291 3031 301 3051 ‚
317 3010 448 3051 saeui,
463 3008 545 3061 Boy‘
556 3031 568 3050 2
581 3009 714 3049 Franci
728 3033 738 3053 ‚
749 3009 883 3053 Gothi,
899 3012 1038 3051 Heruli
1049 3014 1299 3052 Romanarum
1312 3012 1488 3064 legionum
1502 3012 1666 3065 reliquiis
1678 3016 1718 3053 in

112 3063 289 3104 limitibus
296 3064 467 3122 Danubij
476 3066 522 3109 &¹
536 3064 660 3105 Rheni
671 3068 787 3106 mixti
795 3065 1008 3124 accefferunt
1021 3082 1030 3108 .-
1043 3069 1345 3123 quemadmodum
1362 3070 1520 3120 linguam
1535 3067 1718 3122 confisam

101 3118 299 3171 ficerunt;
325 3125 381 3162 ita
402 3124 515 3163 etiam
530 3122 707 3176 populum
721 3121 943 3176 perfecerint
955 3125 1167 3179 quemdam,
1198 3129 1263 3182 qui
1274 3128 1534 3168 Romanorum,
1553 3126 1721 3166 Theato-

114 3190 274 3233 numque
285 3180 435 3237 ritus&
445 3193 560 3221 mores
574 3182 862 3223 coniunxerint:
885 3195 938 3224 ex
949 3182 1080 3238 quibus
1090 3196 1165 3224 non
1190 3181 1374 3236 postremis
1396 3188 1509 3230 Arma
1533 3183 1721 3235 gentilitia

1223 3239 1263 3279 K
1280 3240 1301 3276 k
1531 3249 1672 3292 patena
