2206 3480
241 2466 279 2490 Dc
287 2461 378 2492 esiam
385 2484 393 2491 ,

456 98 523 143 54
599 80 694 131 DE
735 67 1402 147 AQVAEDVCTIBVS
1442 66 1539 118 ET
1580 67 1959 119 CLO‘ACIS.

519 169 881 225 Aquaedue'tusvero
893 162 990 204 teste
1004 162 1194 201 Frontino
1205 156 1336 212 prope
1354 155 1503 197 Vrbem
1514 183 1524 199 ,
1541 154 1703 209 nempe:
1730 163 1764 197 A
1782 158 1900 212 fixto
1913 158 2046 199 millia·
2068 164 2111 216 A

461 232 517 269 rio
524 229 647 280 plures
662 236 777 278 aquas
780 221 919 274 finguli
925 215 1161 273 fiaeflinebant
1171 242 1180 253 .
1210 218 1347 258 Romae
1356 223 1478 253 autem
1493 210 1597 251 fuiffe
1620 217 1917 265 quatuordecim
1930 214 2045 258 testa-

466 298 527 326 tur
537 285 756 335 Procopius
768 279 826 317 his
842 276 993 315 verbis:
1023 275 1143 312 Romae
1152 270 1383 326 aquaeduffius
1399 270 1515 310 decem
1529 269 1576 312 (θ’
1586 278 1745 322 quatuor
1761 283 1909 311 numero
1929 272 2044 325 fimt,

461 341 558 381 εοέῖο
569 353 620 379 ex
637 336 754 389 lapide
761 346 828 386 per
836 330 972 386 priseos
979 330 1139 371 homines
1154 326 1323 383 aedtficati
1334 355 1345 372 ,
1367 341 1408 367 ea
1422 326 1635 369 latitudine,
1662 339 1705 365 ac
1721 326 1838 381 simul
1845 328 2044 380 profundi.

434 425 440 431 .
463 407 538 437 tate
550 420 560 438 ,
571 405 618 432 vt
627 389 778 447 equester
792 392 856 429 vir
863 390 996 444 aliquis
1009 384 1084 441 ipsc}
1094 400 1172 427 cum
1183 398 1273 439 equo
1280 395 1349 436 per
1364 397 1420 423 eos
1425 383 1584 438 fitperne
1598 381 1751 422 euadere
1763 383 1911 424 liberius
1922 395 2043 439 queat.

454 454 638 505 -Ideoque
655 445 929 490 Bellisariusme
943 459 1017 500 per
1029 457 1098 484 eos
1110 441 1230 484 Gothi
1246 439 1452 481 transtrent
1462 440 1499 479 in
1514 438 1630 479 Vrbis
1642 438 2039 486 obfidioneaedificio

457 507 694 561 complexus
711 504 892 548 muniuit,
918 515 963 543 ac
975 499 1107 557 sepfit.
1138 502 1234 552 Quo
1256 508 1433 552 tempore
1447 497 1661 545 cumijdem
1676 497 1800 537 Gothi
1824 512 1939 552 aquas
1961 513 2041 540 om-

463 579 531 605 nes
543 561 804 605 substuliffent,
814 573 899 615 quae
914 569 1055 614 praeter
1070 556 1215 613 reliqua
1223 554 1429 596 commoda
1443 549 1628 593 versatiles
1643 555 1763 595 molas
1775 558 1824 594 ad
1837 565 2044 598 conteren—

462 621 512 661 da
522 619 710 661 frumenta
719 616 954 659 voluebant:
973 616 1016 656 &
1027 614 1096 656 has
1114 613 1231 656 molas
1244 611 1507 653 frumentarias
1518 638 1527 654 ‚
1540 623 1634 665 quas
1644 612 1763 652 hodie
1774 616 1811 652 in
1823 614 1954 652 medio
1967 614 2048 668 Ty-

462 678 549 718 beri
563 674 746 718 aedificari
758 675 929 715 videmus
939 697 951 717 ‚
964 675 1203 727 excogitauit
1214 699 1223 714 ,
1237 670 1279 709 &
1293 669 1449 709 induxit
1457 668 1586 722 primo
1607 666 1846 710 Bellisarius.

524 735 679 774 Horum
693 742 865 772 veterum
880 730 1190 785 Aquaedu‘Ctuum
1204 726 1339 767 fimiles
1356 729 1470 766 etiam
1483 726 1650 765 videmus
1661 727 1698 764 in
1712 724 1874 779 praesens
1899 725 1966 767 hic
1984 729 2047 768 in.‚

465 791 594 833 nostra
608 789 718 833 Vrbe
735 803 745 834 ;
774 785 1024 828 influentibus
1037 785 1236 826 vberi-imis
1252 797 1433 838 aquarum
1452 779 1623 822 fontibus
1645 782 1683 821 in
1703 796 1834 822 omnes
1848 784 1967 826 Vrbis
1981 797 2048 823 an-

465 847 573 905 gulos
586 845 824 889 distributis;
843 854 884 884 vt
900 843 949 884 de
972 845 1078 897 aquis
1100 842 1265 896 Virgine
1278 870 1288 885 ,
1320 839 1444 880 Felice
1458 867 1467 882 ,
1495 840 1538 878 δε
1555 837 1729 889 Paulina
1755 841 1796 879 ὃ(
1819 852 1867 880 ex
1880 839 1938 880 his
1948 838 2048 881 sola„

468 909 592 958 Virgo
607 902 892 958 potuiidonea:
912 901 955 940 &
976 897 1100 941 forsan
1114 898 1263 941 Martia
1287 896 1349 939 illa
1362 909 1543 951 aquarum
1554 898 1703 951 Regina
1718 895 1926 952 aliquando
1943 895 2048 939 Vrbi

469 962 693 1002 restituetur
708 990 717 999 .

525 1017 686 1058 Plurima
700 1039 712 1059 ⁷
732 1017 776 1056 ὃς
802 1014 941 1056 assidua
965 1013 1162 1070 impendia
1182 1012 1285 1055 fuere
1299 1015 1406 1053 circa
1420 1008 1486 1050 has
1502 1023 1638 1064 aquas:
1658 1024 1816 1065 quarum
1830 1014 2048 1054 Curatores
2077 995 2116 1045 Β

471 1076 519 1115 ab
531 1073 702 1128 Augusto
715 1072 881 1112 instituti
897 1085 983 1110 cum
998 1070 1236 1115 Listoribus,
1263 1073 1387 1111 Seruis
1401 1091 1412 1112 ‚
1434 1066 1580 1109 Scribis
1593 1096 1603 1110 ,
1623 1067 1810 1118 Librarijs
1823 1091 1834 1111 ‚
1851 1070 2047 1110 Praeconi.

468 1133 552 1174 bus,
567 1144 608 1171 vt
619 1132 824 1170 Frontinus
838 1128 1005 1182 scripfit:
1031 1130 1295 1183 &Agrippam
1310 1127 1440 1182 primo
1453 1147 1463 1167 ,
1492 1123 1863 1177 Perseruospriuatos
1880 1124 1967 1179 fims
1980 1124 2055 1168 haec

453 1183 597 1244 secff’,
619 1200 768 1240 eamque
782 1185 972 1236 familiam
985 1184 1144 1237 Augusto
1164 1186 1373 1225 morientem
1396 1177 1514 1236 legaſj}
1531 1212 1539 1220 .
1571 1180 1768 1232 Augustum
1790 1180 1920 1221 deinde
1925 1182 2055 1234 publi-

470 1244 553 1301 ccqse
562 1274 571 1288 ‚
598 1244 644 1287 (φ
657 1243 819 1294 deinceps
828 1239 1014 1296 manfisse:
1046 1250 1158 1296 atque
1167 1239 1326 1300 habuisse
1334 1238 1495 1279 homines
1515 1239 1655 1277 circiter
1667 1236 1761 1278 ccxl.
1773 1239 1865 1278 Erat
1876 1249 1997 1280 autem
2009 1238 2056 1283 ὠ

466 1304 585 1341 altera
594 1298 750 1350 familia
764 1299 912 1352 Caefhris
932 1298 1030 1337 dieta
1043 1298 1088 1341 d>
1101 1310 1270 1338 numerus
1279 1298 1353 1336 eius
1371 1293 1483 1335 ccclx.
1496 1306 1605 1348 quam
1616 1293 1790 1335 claudius
1802 1316 1814 1337 ,
1843 1307 1921 1335 cum
1941 1309 2058 1350 aquas

465 1360 505 1398 in
523 1356 647 1397 Vrbem
657 1355 870 1407 perduceret
881 1383 892 1399 ‚
914 1354 1076 1393 instituit
1089 1387 1097 1394 .
1127 1354 1305 1394 Additin
1319 1364 1484 1406 Vtraque
1497 1353 1601 1391 varia
1611 1349 1817 1391 ministeria
1828 1349 1957 1398 fuiffe3
1973 1352 2057 1395 Vil—

468 1414 568 1456 licos
579 1442 588 1457 ‚
609 1410 853 1452 Castellarios
866 1434 877 1454 ‚
891 1414 1121 1455 Curatores,
1139 1411 1353 1454 sinemus,
1369 1408 1564 1448 ‘restores
1574 1429 1585 1450 2
1599 1404 1768 1461 aliosque
1780 1405 1945 1462 opifices
1956 1437 1967 1453 ,
1980 1407 2056 1450 ho-

461 1474 587 1512 «mines
601 1479 816 1523 perpetuos
827 1468 1027 1517 sexcentos
1044 1467 1091 1507 ad
1104 1481 1286 1522 aquarum
1299 1466 1505 1507 tuitionem
1519 1494 1530 1504 .

528 1527 660 1568 Lubet
676 1525 742 1566 hic
757 1537 958 1581 apponere
972 1524 1140 1578 lapidem
1154 1522 1401 1578 sepulcralem
1412 1550 1423 1566 ‚
1441 1529 1637 1574 repertum
1650 1523 1757 1563 annis
1775 1523 1981 1576 praeteritis
1998 1525 2060 1564 iu,

476 1585 587 1626 vinea
611 1597 695 1623 mea
721 1596 849 1637 prope
880 1592 1033 1636 portam
1056 1583 1226 1636 Appiam
1245 1594 1258 1619 :
1286 1579 1330 1621 &
1349 1578 1416 1619 hic
1440 1577 1490 1619 de
1512 1576 1666 1618 duobus
1690 1576 1885 1635 praedifiis
1903 1578 2059 1624 Villicis

480 1645 605 1699 Aquae
621 1637 796 1681 Claudiae
809 1639 968 1681 Caelaris
983 1637 1122 1679 seruis:
1150 1638 1309 1694 nempe.
1767 1672 1768 1675 ,

740 1755 774 1792 D
913 1754 963 1794 M
1262 1754 1274 1805 Ι
1581 1753 1619 1792 D
1758 1752 1810 1794 M
2003 1764 2005 1767 ·

537 1811 682 1854 §abbio
695 1809 788 1852 Caes.
803 1812 850 1852 N.
863 1813 899 1852 S.
932 1810 1217 1849 C‘fastsnfflriler'ffl·
1354 1814 1503 1864 Sporus
1521 1806 1613 1849 Caes.
1625 1808 1674 1849 N.
1688 1811 1723 1850 S.
1753 1808 2061 1852 casariqnfiriseruus.
2084 1825 2133 1876 C

540 1868 668 1908 Villio.
688 1870 810 1922 Aquae
827 1865 998 1908 Claudiae
1263 1814 1276 1934 l
1357 1866 1485 1910 Villic.
1501 1865 1809 1919 AquaeClaudiae

539 1926 646 1965 fecit
666 1925 733 1965 fibi
749 1927 788 1965 ὃς
802 1925 926 1965 Fabiae
1362 1924 1589 1964 Hermionae
1599 1922 1770 1977 Coniugi

537 1980 784 2024 Verecundae
803 1982 969 2034 Coniug.
1269 1937 1281 2059 Ι
1360 1984 1443 2022 Suae
1457 1976 1687 2020 sanstiffimae

538 2043 643 2081 Suae,
663 2051 748 2077 cum
769 2052 844 2092 qua
862 2038 959 2077 vixit
1361 2041 1410 2079 Et
1424 2038 1591 2077 Libertis
1604 2064 1614 2078 ,
1643 2034 1947 2093 Libertabusque
1963 2037 2063 2081 eius,

543 2096 666 2136 Annis
685 2097 785 2135 xxiv.
799 2090 1020 2136 sanitiffime
1271 2062 1282 2184 Ι
1420 2093 1462 2133 ὃς
1477 2093 1647 2143 Vikarijs

542 2156 588 2193 Et
604 2151 776 2194 Libertis‚
793 2146 1106 2202 Libertabusque
1365 2153 1446 2192 Suis
1462 2173 1472 2192 ‚
1494 2145 1731 2204 posterisque
1747 2162 1880 2192 eorum

540 2213 647 2251 Eius,
666 2209 707 2247 ὃς
738 2204 986 2257 ν·.ιωῑ]5ῑυῑε
1272 2187 1283 2307 ¹

542 2262 779 2319 posterisque
795 2278 927 2303 eorum
942 2263 1108 2303 omnium
1124 2290 1133 2300 .
1180 2262 1182 2264 ’

542 2323 585 2363 In
599 2331 712 2381 parte
727 2321 882 2362 dimidia
894 2319 971 2361 sua.
1272 2311 1282 2370 Ι

1366 2207 1569 2245 Omnium.
1598 2209 1639 2245 ln
1653 2215 1765 2259 parte

1366 2261 1541 2302 Dimidia
1553 2259 1613 2301 sua
1627 2291 1636 2302 .

543 2439 634 2478 Nec
650 2434 819 2477 miranda
830 2433 945 2476 solum
960 2437 1364 2478 erantRomanorum,
1388 2445 1474 2488 quae
1496 2433 1546 2473 de
1566 2433 1875 2488 Aquaecglue'iibus
1886 2435 2067 2489 cognoui-

486 2508 566 2536 mus
580 2510 590 2540 ;
607 2507 736 2534 verum
753 2494 793 2533 ὃς
805 2491 986 2533 miracula
998 2489 1077 2532 fere
1087 2489 1319 2530 videbantur
1332 2490 1381 2531 ab
1395 2489 1534 2531 eisdem
1547 2489 1697 2532 strustae
1709 2492 1869 2532 Cloacae
1883 2492 1953 2531 &zi
1968 2492 2070 2529 Tar-

490 2553 625 2607 quinio
646 2552 751 2605 Rege
765 2553 952 2604 primum,
980 2548 1028 2589 ad
1043 2547 1265 2588 munditiem
1280 2570 1291 2591 ,
1314 2545 1518 2601 sordesque
1529 2561 1673 2592 omnes,
1695 2548 1753 2590 vel
1767 2547 1975 2590 abluendas
1988 2570 1998 2589 ‚
2010 2546 2072 2586 vel

489 2609 729 2648 euehendas:
753 2607 912 2647 firmiter
926 2607 969 2646 id
982 2605 1214 2660 ghabeturex
1227 2604 1351 2645 Plinio
1365 2603 1504 2657 lib.36.
1518 2617 1606 2660 cap.
1617 2619 1632 2645 ι
1645 2616 1675 2654 ς.
1687 2604 1744 2644 his
1765 2605 1916 2645 verbis:
1937 2606 2072 2644 Cloacae

495 2676 638 2717 operum
662 2667 819 2703 omnium
841 2667 1046 2703 maximum
1059 2685 1069 2705 ‚
1081 2657 1235 2720 saffiffis
1252 2661 1432 2702 montibus
1443 2685 1455 2704 ‚
1478 2671 1590 2715 atque
1611 2661 1701 2701 Vrbe
1713 2661 1843 2715 penfili
1851 2690 1860 2705 ‚
1873 2660 2073 2715 fiebterque
2097 2652 2146 2704 D

493 2724 664 2772 nauigata
677 2750 685 2759 .
700 2721 797 2758 Fecit
807 2720 847 2758 id
858 2724 1017 2771 Agrippa
1027 2721 1066 2758 in
1077 2719 1272 2760 Aedilitate
1279 2728 1345 2769 per
1353 2728 1489 2758 meatus
1498 2719 1690 2758 corriaatis
1696 2716 1983 2772 ftpteamnibun
1993 2730 2073 2757 cur-

479 2777 599 2832 fhque
608 2777 789 2827 precipiti
804 2804 813 2818 ‚
829 2779 1043 2814 torrentium
1054 2775 1157 2815 modo
1171 2797 1182 2816 ‚
1194 2785 1323 2825 rapere
1335 2776 1455 2813 omnia
1467 2783 1579 2826 atque
1596 2772 1742 2824 auferre
1751 2775 1881 2815 coactis
1894 2807 1900 2814 .
1917 2773 2003 2832 „Qui
2013 2776 2072 2812 in-

483 2833 597 2888 fiaper
607 2833 697 2871 mole
710 2831 881 2871 imbrium
904 2833 1091 2870 concitati,
1112 2830 1215 2869 vada
1224 2843 1266 2869 ac
1280 2830 1395 2869 latera
1410 2833 1599 2883 quatiunt,
1625 2830 1824 2885 aliquando
1844 2831 1996 2886 Tyberis
2013 2843 2072 2869 re-

495 2899 552 2930 t'ro
561 2889 673 2943 infusi
675 2890 853 2940 recipiunt
862 2886 1020 2942 fluc‘i'us,
1030 2895 1266 2941 pugnantque
1275 2885 1410 2939 diuerfi
1413 2901 1593 2941 aquarum
1602 2890 1881 2940 impetusintns;
1896 2886 2071 2930 &tamen

495 2946 643 2993 obnixa
645 2945 814 2999 firmitas
838 2941 977 2994 reststit.
995 2943 1219 2983 Trabantur
1229 2944 1338 2984 moles
1361 2946 1509 2983 interme
1529 2953 1636 2983 tantae
1648 2973 1658 2988 ,
1677 2956 1749 2984 non
1759 2941 2073 2999 fiaccumbentibus

496 3016 561 3042 cau
574 3016 603 3042 ts
613 3003 727 3054 operis
740 3016 750 3046 ;
766 3000 915 3054 pulsant
926 3003 1039 3040 ruinae
1045 2998 1177 3052 sponte
1185 3002 1385 3052 praecipites
1396 3023 1407 3043 ‚
1430 3010 1496 3040 aut
1505 3001 1666 3052 impaeffae
1686 3001 1879 3053 incendffu
1905 3002 2076 3053 quatitur

486 3058 605 3113 filum
618 3068 719 3097 terra:
731 3057 885 3096 motibus
895 3071 909 3097 .·
930 3056 1067 3096 durant
1077 3066 1195 3096 tamen
1208 3055 1231 3095 d
1245 3056 1453 3110 Tarquinio
1465 3056 1586 3110 Prisco
1606 3060 1711 3097 annis
1727 3067 1844 3109 prope
1866 3056 2075 3109 obtingentis

497 3113 794 3166 inexpugnabiles
807 3144 815 3153 .
836 3114 952 3169 Opus
968 3112 1047 3152 hoc
1058 3114 1228 3153 omnium
1240 3117 1439 3154 maximum
1453 3117 1577 3171 inquit
1588 3113 1729 3155 Plinius
1742 3136 1754 3156 2
1777 3123 1818 3153 vt
1839 3115 1966 3154 omnia
1976 3125 2077 3168 quo·

497 3184 574 3226 que
591 3173 854 3212 Romanorum
871 3169 1061 3211 miranda.
1079 3170 1286 3225 Nauigatas
1299 3172 1424 3226 inquit
1433 3169 1501 3211 has
1513 3170 1696 3215 Cloacas;
1713 3169 1753 3210 id
1766 3166 1866 3212 enim
1878 3171 1920 3210 &
1935 3168 2077 3211 Strabo

1868 3227 2022 3283 scripsit
