2206 3480
182 103 188 115 '
235 105 614 180 QVOMODO
636 107 946 164 ROMANA
972 109 1140 163 VRBS
1180 105 1621 183 EXCREVERIT.
1665 134 1769 178 417

116 208 153 259 A
182 205 289 242 vnius
303 211 483 256 tanquam
500 198 719 242 vniuersalis
733 199 925 241 cuiusdam
937 201 1119 255 corporis
1130 199 1298 241 membra
1311 200 1383 241 effe
1394 196 1583 246 voluerit,
1600 201 1660 244 sua
1674 205 1779 248 dona

186 257 237 299 sic
255 256 473 313 dispertitus
485 257 541 300 fit,
555 268 596 297 vt
610 272 687 298 non
706 257 881 298 omnibus
896 271 943 299 ex
953 257 1293 312 aequonationibus
1304 261 1468 299 omnium
1486 271 1608 299 rerum
1622 259 1778 302 affluen-

186 319 276 356 tiam
290 313 546 355 concesserit:
579 314 631 356 sic
645 318 744 354 enim
759 314 826 359 sit,
841 325 880 354 vt
889 315 979 355 dum
993 315 1093 354 alter
1106 316 1418 369 anteriusindiget
1429 316 1680 360 adminiculo,
1695 331 1777 358 mu-

185 385 253 413 tua
266 372 328 412 illa
342 376 550 411 animorum
567 372 762 411 connexio
773 369 985 412 coalescat.
1009 371 1055 410 Id
1074 381 1195 410 autem
1220 385 1299 426 quo
1322 371 1430 412 fieret
1440 372 1775 425 compendiosius,

187 442 367 483 aquarum
383 425 519 469 fluetus
544 429 595 467 ita
618 428 750 468 diuina
763 425 842 472 sua,
867 428 908 467 ὃ(
929 424 1194 479 inscruptabili
1215 425 1396 481 sapientia
1418 428 1634 475 ordinauit;
1658 441 1697 470 vt
1723 429 1773 471 ad

188 499 309 526 onera
320 483 529 525 sustinenda
543 484 660 525 adiuti
671 495 868 525 ventorum
881 482 1030 525 flatibus
1044 511 1054 527 ,
1076 484 1118 523 &
1141 485 1341 526 rudentum
1354 513 1364 529 ‚
1390 485 1632 539 velorumque
1652 486 1771 529 admi·

186 542 319 584 niculis
336 540 516 581 facillime
528 553 767 597 quaecunque
783 540 1043 595 transportare
1054 538 1227 593 possent.
1260 541 1356 581 Hoc
1372 544 1499 581 medio
1522 540 1619 583 faeta
1637 543 1690 584 est
1712 545 1774 582 O-

184 601 340 641 rientis,
364 597 620 641 Occidentis,
636 597 813 638 Meridiei
825 625 836 642 ‚
850 593 1204 651 Septentrionisque
1219 608 1310 650 apta
1325 596 1521 652 dispositio
1535 622 1546 642 2
1558 610 1673 653 atque
1684 604 1776 641 ami·

183 669 233 696 ca
245 655 549 708 cong³utinatio.
577 655 709 694 Parum
738 658 834 694 enim
850 652 997 697 obstat,
1010 665 1088 706 quo
1103 657 1220 692 minus
1236 654 1400 693 dicamus
1414 668 1563 694 omnem
1577 657 1775 699 tellurem..

182 714 311 752 omnia
326 712 431 766 aeque
445 710 661 754 producere
677 722 844 765 propter
858 710 1102 749 commodam
1122 709 1224 750 illam
1238 709 1436 753 menendi,
1453 711 1771 767 aduehendique.)

180 767 259 809 huc
273 768 362 808 illuc
374 772 709 822 opportunitatem
724 798 731 806 .
749 765 968 806 Admodum
993 777 1118 807 tamen
1135 779 1265 820 parum
1287 770 1323 806 in
1346 768 1437 808 mari
1451 766 1630 819 quispiam
1648 769 1770 823 prosi·

179 835 290 867 eeret
302 853 312 869 ,
327 823 395 865 nisi
409 825 569 864 haberet
582 834 718 878 portus
730 821 972 877 amplissimos
984 852 994 867 ,
1017 826 1238 877 nauiumque
1254 823 1430 864 stationes
1442 822 1659 867 tutissimas:
1682 825 1771 866 illos

180 884 336 936 quidem
352 891 392 921 vt
406 895 522 921 minus
536 882 637 920 nauis
648 879 906 925 illidatur3has
920 894 965 919 ne
979 879 1232 934 procellarum
1244 908 1252 923 ‚
1268 881 1536 934 turbinumque
1551 880 1770 936 impetuosi-

184 938 322 978 tatibus
332 936 587 991 percellatur,
607 940 952 993 concutiaturque:
978 947 1017 976 vt
1029 936 1092 977 hic
1106 940 1144 977 in
1158 938 1337 978 Romano
1354 936 1469 978 litore
1485 941 1586 979 inter
1602 950 1768 978 caeteros

181 994 447 1050 opportunior
462 992 587 1034 estille
597 996 645 1034 ad
657 994 954 1038 Centumcellas,
965 991 1026 1033 seu
1037 998 1215 1036 Veterem
1230 996 1446 1037 ciuitatem,
1469 1008 1546 1034 non
1563 995 1583 1034 a
1595 1006 1747 1035 natura„
1758 1023 1768 1037 ‚

122 1027 161 1079 B
178 1049 242 1092 sed
255 1047 571 1090 artificiofiffimis
584 1050 766 1104 operibns
781 1049 844 1090 sub
860 1050 1027 1091 Vrbano
1042 1052 1196 1092 octauo
1220 1053 1372 1092 Summo
1393 1050 1587 1092 Pontifice
1600 1049 1769 1093 fabrica-

179 1117 238 1148 tus
252 1138 262 1148 .
284 1107 357 1146 Hic
372 1107 502 1147 obiter
514 1105 798 1150 recensendum,
816 1108 978 1148 Adriani
995 1109 1089 1161 lmp.
1105 1119 1296 1162 tempore,
1309 1108 1436 1147 cumis
1451 1107 1655 1159 aliquando
1664 1110 1770 1149 Cen-

180 1162 375 1205 tunicellas
390 1188 403 1207 2
419 1163 562 1204 Vrbem
575 1174 740 1204 veterem
755 1161 1147 1206 scilicettefocillandi
1160 1162 1387 1205 animicausa
1403 1165 1644 1220 diturteret(
1654 1175 1695 1205 vt
1708 1178 1771 1204 au-

177 1223 268 1264 &or
278 1219 331 1260 est
342 1220 553 1272 Caecilius)
570 1220 693 1261 Cellas
707 1232 859 1261 centum
874 1220 1065 1262 iudicibus
1079 1244 1090 1263 ²
1117 1232 1155 1261 vt
1174 1218 1208 1260 se
1229 1222 1283 1261 ibi
1303 1218 1490 1273 praesente
1519 1219 1643 1262 causas
1665 1220 1768 1262 audi-

176 1288 266 1318 rent
280 1299 291 1319 ,
315 1279 504 1321 extruxit,
526 1289 608 1333 quae
623 1277 756 1331 postea
770 1281 806 1317 in
826 1277 940 1318 Vrbis
955 1277 1057 1317 iustae
1067 1275 1224 1318 formam
1240 1291 1323 1317 cum
1349 1277 1568 1319 creuisient:
1587 1280 1769 1319 Saraceni

179 1333 368 1374 Bernardi
382 1337 498 1388 Regis
510 1345 688 1389 tempore
702 1332 803 1389 (fixit
818 1346 944 1375 autem
959 1333 1025 1374 hic
1039 1335 1176 1375 Caroli
1190 1334 1325 1390 Magni
1339 1347 1460 1391 nepos
1474 1364 1484 1380 ‚
1501 1337 1573 1389 ¹qui
1595 1334 1772 1375 Italiam.-

184 1390 456 1445 Longobardis
470 1390 581 1444 pulsis
595 1390 831 1444 obtinebat)
846 1392 1040 1432 diruerunt
1058 1421 1066 1433 .

247 1447 458 1487 fluminum
475 1460 634 1502 queque
650 1446 730 1487 vsus
742 1462 818 1488 non
835 1450 1040 1489 mediocris
1054 1447 1126 1492 est,
1147 1461 1278 1488 eorum
1293 1445 1517 1503 praesertim,
1540 1461 1704 1503 quorum
1721 1447 1775 1488 la-

185 1515 223 1545 ta
239 1504 290 1543 est
303 1505 515 1549 deriuatio,
541 1502 748 1558 praesertim
765 1518 835 1558 per
860 1508 1068 1560 opulentas
1083 1508 1283 1558 regiones,
1304 1504 1432 1559 quales
1454 1503 1538 1547 sunt
1562 1506 1686 1546 Padus
1713 1506 1775 1544 in..

192 1560 317 1605 ltalia,
339 1561 482 1601 §faidis
498 1561 716 1601 inflandfa
731 1590 740 1605 ,
767 1563 787 1601 1
802 1566 910 1616 igeris
928 1562 966 1602 ὃ(
983 1565 1156 1615 Sequana
1169 1565 1205 1601 in
1222 1560 1350 1601 Callia
1364 1590 1372 1600 .
1399 1563 1601 1602 [anubim
1617 1563 1656 1601 ἂ
1672 1561 1782 1603 Rhe-

182 1631 252 1657 nus
276 1622 313 1657 in
340 1618 563 1662 Germaniam
582 1631 737 1659 necnon
760 1619 880 1659 nobili
908 1622 1077 1673 quamuis
1098 1618 1256 1658 modico
1280 1619 1402 1659 tractu
1428 1618 1590 1659 Tiberis
1607 1632 1675 1672 per
1698 1632 1771 1658 no-

182 1674 292 1716 stram
309 1674 453 1715 Vrbem
477 1679 655 1716 Romam.
678 1680 812 1730 Atque
827 1679 910 1728 pari
920 1674 1037 1716 ferme
1049 1677 1186 1717 modo,
1204 1688 1284 1730 quo
1305 1673 1530 1716 fabricatrix
1545 1687 1675 1714 natura
1691 1673 1777 1713 illos

186 1736 430 1785 comparauit
448 1745 459 1776 ;
479 1736 531 1772 ita
554 1732 704 1772 canales
722 1733 762 1772 ὃ(
777 1731 879 1772 fossae
891 1761 902 1776 ,
914 1745 998 1785 quae
1011 1746 1059 1772 ex
1074 1731 1243 1771 vnolacu
1259 1754 1269 1774 ‚
1289 1729 1348 1770 seu
1365 1729 1519 1771 flumine
1533 1736 1566 1770 in
1581 1732 1691 1771 alium
1705 1734 1776 1771 de-

175 1789 391 1832 ducuntur;
416 1790 512 1828 veris
529 1786 744 1828 fluminibus
757 1802 879 1842 opera
895 1787 1058 1829 humana
1084 1786 1215 1829 aemula
1242 1785 1507 1834 annuntiantum
1538 1800 1578 1829 vt
1592 1788 1773 1828 Medioni

111 1858 158 1911 C
174 1845 396 1898 praecipue,
411 1845 452 1884 &
466 1845 504 1884 in
517 1849 600 1896 alijs
613 1848 776 1899 Europae
798 1845 983 1889 Vrbibus,
1004 1847 1078 1886 iam
1095 1844 1258 1885 vidimus
1272 1872 1281 1883 .

233 1904 416 1942 Omnium
430 1915 523 1942 vero
535 1905 697 1955 Europae
709 1904 906 1942 nationum
925 1904 1070 1941 trastus
1085 1900 1148 1941 ille
1164 1900 1295 1941 Galliae
1313 1900 1496 1954 Belgicae,
1513 1898 1691 1941 Flandria
1710 1899 1771 1938 di-

173 1958 259 2000 stus
274 1981 286 2002 ,
311 1972 491 2012 aquarum
509 1957 853 1999 commoditatibus
866 1981 877 2000 2
892 1970 1009 2012 atque
1028 1956 1149 1997 vfibus
1163 1957 1320 1999 maxime
1339 1956 1501 2010 gaudet.
1524 1959 1618 1997 Sunt
1633 1958 1769 1997 enim.)

177 2016 231 2057 ibi
246 2013 351 2057 fluuii
367 2015 533 2057 Scaldis,
553 2012 726 2057 Mosella,
743 2016 902 2055 Tenora
914 2044 924 2059 ‚
940 2016 980 2055 &
997 2017 1117 2058 Rura.
1136 2014 1184 2055 Hi
1201 2025 1320 2054 totam
1335 2013 1432 2053 illam
1451 2016 1644 2066 regionem
1657 2011 1770 2053 vndi-

175 2069 575 2127 quecircumssuentes
590 2100 600 2115 ‚
619 2070 804 2112 immensis
832 2071 973 2125 opibus
996 2081 1166 2125 propter
1185 2069 1362 2110 idoneam
1387 2071 1666 2123 nauigationem
1688 2090 1700 2110 2
1726 2069 1770 2109 &

173 2128 442 2170 incredibilem
456 2129 778 2168 commerciorum
792 2126 1046 2183 frequentiam
1065 2126 1296 2168 nobilitant.
1329 2126 1413 2166 Hac
1439 2139 1511 2166 vna
1536 2140 1577 2166 re
1601 2124 1774 2179 supradi-

175 2187 248 2228 ctis
260 2184 478 2238 regionibus
491 2213 500 2227 ‚
519 2182 649 2231 &ipsa
662 2195 742 2225 tota
756 2185 878 2227 Gallia
891 2214 903 2229 ,
923 2184 1046 2225 multo
1061 2181 1116 2225 est
1130 2182 1288 2225 inferior
1302 2181 1432 2225 Italia:
1449 2182 1635 2236 siquidem
1651 2179 1773 2222 flumi-

176 2257 246 2287 na,
272 2255 358 2296 quae
372 2245 472 2282 intra
489 2244 755 2285 Romanorum
765 2240 880 2286 fines,
909 2241 1070 2295 aliasque
1085 2239 1334 2295 ltaliaepartes
1355 2253 1405 2280 ex
1428 2240 1645 2294 Apennino
1660 2252 1770 2278 mon·

175 2310 216 2341 te
228 2299 341 2339 instar
356 2302 583 2339 torrentium
599 2296 826 2354 syluestrium
840 2300 1034 2351 Vtrimque
1049 2297 1239 2338 decidunt
1252 2327 1262 2341 ,
1289 2297 1398 2337 resto
1423 2294 1528 2336 cursu
1540 2299 1576 2336 in
1596 2297 1772 2338 Adriati-

175 2371 262 2397 cum
276 2383 288 2400 ‚
305 2356 602 2411 Tyrrhenumue
615 2369 714 2395 mare
728 2354 927 2400 feruntur3
952 2355 1053 2394 vnde
1070 2353 1167 2394 nulla
1184 2368 1290 2394 mora
1306 2352 1454 2395 sistendi
1469 2351 1613 2393 cursum
1640 2349 1771 2394 suum..

176 2411 339 2454 subitum
353 2412 422 2453 illis
437 2412 566 2456 datum
591 2426 670 2468 quo
694 2410 740 2454 fit
758 2424 799 2453 vt
825 2411 1054 2467 nauigabiles
1075 2412 1204 2452 Arnus
1230 2413 1271 2454 ὅτ,
1286 2411 1454 2467 Tyberis
1477 2415 1617 2466 exiguo
1632 2408 1767 2450 admo-

176 2470 269 2511 dum
287 2468 444 2509 decursu
460 2467 680 2511 efficiantur
695 2501 706 2511 .

237 2525 428 2566 Caeterum
447 2540 496 2566 ne
509 2528 594 2580 quis
608 2525 797 2573 existimet
811 2525 899 2566 data
913 2523 1149 2580 deportandi
1170 2525 1418 2566 conditione.
1444 2522 1565 2563 statim
1582 2520 1685 2575 sequi
1707 2521 1769 2574 ip·

179 2582 252 2628 fam
267 2581 372 2622 vrbis
393 2582 552 2622 alicuius
577 2581 1117 2637 ampliffimaeperfestionem:
1143 2579 1292 2621 necesse
1319 2582 1418 2621 enim
1444 2579 1497 2619 est
1513 2603 1524 2622 2
1549 2591 1588 2621 vt
1610 2578 1769 2618 euidens

181 2641 309 2694 aliqua
323 2636 607 2682 subsitvtilitas‚
631 2652 717 2692 quae
731 2639 903 2680 homines
914 2638 962 2680 ad
976 2636 1267 2679 coalescentium
1296 2637 1458 2682 alliciat,
1481 2647 1522 2677 vt
1547 2637 1690 2676 digium
1716 2632 1771 2674 est

103 2683 156 2739 D
179 2695 311 2752 supra;
330 2694 394 2736 sed
410 2697 451 2736 &
465 2707 604 2751 praeter
615 2694 717 2735 hanc
733 2699 844 2735 etiam
857 2696 925 2736 alia
939 2695 1169 2748 peculiaria,
1186 2708 1270 2749 quae
1287 2691 1457 2734 homines
1473 2693 1520 2733 ad
1534 2705 1698 2736 mutuam
1713 2688 1774 2732 so·

179 2758 363 2795 cietatem
380 2751 688 2793 contrahendam
701 2752 869 2793 alliciant
885 2784 894 2792 .
911 2755 968 2792 De
984 2752 1124 2806 quibus
1140 2765 1211 2790 nos
1228 2749 1322 2791 infra
1335 2781 1343 2792 .

243 2806 392 2850 Priscos
409 2810 606 2850 Romanos
621 2806 1068 2863 speciatiminspiciamus
1084 2809 1294 2848 inconditis
1310 2805 1479 2848 moribus
1493 2807 1663 2860 alioquin
1680 2816 1774 2859 prq-
1836 2828 1922 2867 ΑΜ,
1945 2834 2026 2858 Rom„

181 2866 311 2910 ditos,
338 2862 483 2906 flexiles
496 2895 506 2911 ,
531 2879 573 2906 ac
587 2865 752 2921 sibiipsis
769 2865 966 2908 consulere
980 2864 1152 2908 nescios;
1177 2865 1300 2905 locum
1316 2869 1531 2919 quempiam
1551 2864 1747 2916 elegerunt
1763 2889 1774 2905 ,
1799 2870 1955 2899 murmuro.

184 2937 296 2978 quem
312 2925 442 2977 potius
455 2936 568 2976 quam
583 2922 698 2963 alium
712 2922 883 2963 incolere
898 2921 1110 2963 maluerunt
1123 2952 1132 2961 .
1162 2922 1366 2969 Praecipuo
1391 2920 1470 2960 hoc
1494 2922 1623 2959 medio
1641 2919 1678 2958 hi
1696 2920 1778 2972 pri-

182 2982 300 3022 mirus
311 2979 395 3020 sunt
410 2978 483 3020 vsi:
506 2990 548 3019 vt
562 2977 711 3034 Asylum
727 2982 968 3020 extraxerint
996 2978 1141 3033 (quod
1158 2977 1366 3021 libertatis,
1392 2975 1606 3032 refugijque
1623 2974 1779 3017 sedem..

182 3035 466 3092 appellauere)
491 3034 743 3090 omnibusque
765 3035 815 3076 ad
833 3035 874 3076 id
901 3034 1215 3089 confugientibus
1251 3036 1522 3075 immunitatem
1548 3030 1780 3073 concesserit

184 3094 402 3138 Romulum
430 3107 510 3148 quo
524 3090 611 3133 sane
624 3093 722 3147 vulgi
737 3096 880 3133 animos
905 3091 955 3133 ad
977 3093 1189 3132 Romanam
1211 3091 1423 3132 Ciuitatem
1440 3090 1597 3130 mirifice
1625 3089 1781 3132 alexit,

182 3149 496 3205 populosamque
511 3164 592 3191 eam
604 3150 779 3190 reddidit
789 3152 984 3190 innumera
999 3146 1246 3202 fugitiuorum
1261 3149 1308 3188 eo
1320 3145 1602 3188 confluentium
1615 3144 1785 3186 multitu-

180 3205 272 3248 dine
284 3235 296 3249 .
321 3209 516 3251 Caeterum
531 3220 619 3248 cum
636 3206 836 3248 mulierum
849 3208 968 3262 copia
981 3203 1192 3251 deficeret,
1218 3203 1407 3251 Romulus
1424 3202 1534 3245 missis
1546 3217 1620 3259 per
1637 3203 1782 3269 Hetru-

1614 3272 1703 3300 nam
1715 3287 1726 3303 ‚
