<?xml version="1.0" encoding="UTF-8"?>
<!DOCTYPE html PUBLIC "-//W3C//DTD XHTML 1.0 Transitional//EN"
    "http://www.w3.org/TR/xhtml1/DTD/xhtml1-transitional.dtd">
<html xmlns="http://www.w3.org/1999/xhtml" xml:lang="en" lang="en">
 <head>
  <title>
</title>
<meta http-equiv="Content-Type" content="text/html;charset=utf-8" />
  <meta name='ocr-system' content='tesseract 3.04.00' />
  <meta name='ocr-capabilities' content='ocr_page ocr_carea ocr_par ocr_line ocrx_word'/>
</head>
<body>
  <div class='ocr_page' id='page_1' title='image "./devrbisacromanio00casa_0166.png"; bbox 0 0 2206 3480; ppageno 0'>
   <div class='ocr_carea' id='block_1_1' title="bbox 403 50 1950 132">
    <p class='ocr_par' dir='ltr' id='par_1_1' title="bbox 403 50 1950 132">
     <span class='ocr_line' id='line_1_1' title="bbox 403 50 1950 132; baseline -0.007 -15"><span class='ocrx_word' id='word_1_1' title='bbox 403 55 514 124; x_wconf 48' lang='lat'>‘132&#39;</span> <span class='ocrx_word' id='word_1_2' title='bbox 560 53 925 132; x_wconf 63' lang='lat' dir='ltr'><strong>&#39;QVALITER</strong></span> <span class='ocrx_word' id='word_1_3' title='bbox 938 51 1226 108; x_wconf 87' lang='lat' dir='ltr'>ROM..AD</span> <span class='ocrx_word' id='word_1_4' title='bbox 1238 53 1577 108; x_wconf 76' lang='lat' dir='ltr'>HON&#39;ORES</span> <span class='ocrx_word' id='word_1_5' title='bbox 1592 50 1950 110; x_wconf 65' lang='lat' dir='ltr'>PROMOTIZ</span> 
     </span>
    </p>
   </div>
   <div class='ocr_carea' id='block_1_2' title="bbox 180 145 2120 2717">
    <p class='ocr_par' dir='ltr' id='par_1_2' title="bbox 422 145 2110 325">
     <span class='ocr_line' id='line_1_2' title="bbox 422 145 2110 210; baseline -0.008 -7"><span class='ocrx_word' id='word_1_6' title='bbox 422 156 598 203; x_wconf 85' lang='lat' dir='ltr'>fontibus</span> <span class='ocrx_word' id='word_1_7' title='bbox 611 187 622 203; x_wconf 91' lang='lat'>‚</span> <span class='ocrx_word' id='word_1_8' title='bbox 634 152 794 210; x_wconf 87' lang='lat' dir='ltr'>rupibus</span> <span class='ocrx_word' id='word_1_9' title='bbox 808 181 817 196; x_wconf 81' lang='lat'>‚</span> <span class='ocrx_word' id='word_1_10' title='bbox 835 148 1058 190; x_wconf 84' lang='lat' dir='ltr'>animalibus</span> <span class='ocrx_word' id='word_1_11' title='bbox 1070 148 1191 187; x_wconf 86' lang='lat' dir='ltr'>omnis</span> <span class='ocrx_word' id='word_1_12' title='bbox 1203 147 1352 200; x_wconf 85' lang='lat' dir='ltr'>generis</span> <span class='ocrx_word' id='word_1_13' title='bbox 1364 174 1374 189; x_wconf 85' lang='lat'>,</span> <span class='ocrx_word' id='word_1_14' title='bbox 1400 147 1554 192; x_wconf 79' lang='lat' dir='ltr'>mensis,</span> <span class='ocrx_word' id='word_1_15' title='bbox 1576 145 1760 202; x_wconf 82' lang='lat' dir='ltr'>bellisque</span> <span class='ocrx_word' id='word_1_16' title='bbox 1777 147 1826 188; x_wconf 86' lang='lat' dir='ltr'>ad</span> <span class='ocrx_word' id='word_1_17' title='bbox 1847 145 2030 190; x_wconf 83' lang='lat' dir='ltr'>inuidiam</span> <span class='ocrx_word' id='word_1_18' title='bbox 2073 155 2110 206; x_wconf 79' lang='lat' dir='ltr'>A</span> 
     </span>
     <span class='ocr_line' id='line_1_3' title="bbox 423 203 2032 271; baseline -0.011 -11"><span class='ocrx_word' id='word_1_19' title='bbox 423 230 551 260; x_wconf 86' lang='lat' dir='ltr'>rerum</span> <span class='ocrx_word' id='word_1_20' title='bbox 565 205 963 271; x_wconf 82' lang='lat' dir='ltr'>ipsarumludentibus</span> <span class='ocrx_word' id='word_1_21' title='bbox 980 236 988 244; x_wconf 92' lang='lat'><em>.</em></span> <span class='ocrx_word' id='word_1_22' title='bbox 1015 205 1142 244; x_wconf 88' lang='lat' dir='ltr'>Prima</span> <span class='ocrx_word' id='word_1_23' title='bbox 1173 203 1259 242; x_wconf 82' lang='lat' dir='ltr'>haec</span> <span class='ocrx_word' id='word_1_24' title='bbox 1282 203 1424 244; x_wconf 85' lang='lat' dir='ltr'>docuit</span> <span class='ocrx_word' id='word_1_25' title='bbox 1436 209 1542 245; x_wconf 84' lang='lat' dir='ltr'>aetati</span> <span class='ocrx_word' id='word_1_26' title='bbox 1557 203 1630 244; x_wconf 80' lang='lat' dir='ltr'>suae</span> <span class='ocrx_word' id='word_1_27' title='bbox 1644 204 1901 246; x_wconf 83' lang='lat' dir='ltr'>Hollandiain</span> <span class='ocrx_word' id='word_1_28' title='bbox 1918 208 2032 247; x_wconf 88' lang='lat' dir='ltr'>mira..</span> 
     </span>
     <span class='ocr_line' id='line_1_4' title="bbox 424 257 1293 325; baseline -0.015 -10"><span class='ocrx_word' id='word_1_29' title='bbox 424 274 556 316; x_wconf 89' lang='lat' dir='ltr'>culum</span> <span class='ocrx_word' id='word_1_30' title='bbox 569 301 579 315; x_wconf 91' lang='lat'>,</span> <span class='ocrx_word' id='word_1_31' title='bbox 604 268 825 325; x_wconf 89' lang='lat' dir='ltr'>posteritati</span> <span class='ocrx_word' id='word_1_32' title='bbox 839 265 876 302; x_wconf 76' lang='lat' dir='ltr'>in</span> <span class='ocrx_word' id='word_1_33' title='bbox 893 260 1064 302; x_wconf 82' lang='lat' dir='ltr'>aemulam</span> <span class='ocrx_word' id='word_1_34' title='bbox 1077 257 1267 314; x_wconf 80' lang='lat' dir='ltr'>sequelam</span> <span class='ocrx_word' id='word_1_35' title='bbox 1284 291 1293 302; x_wconf 90' lang='lat'><strong>.</strong></span> 
     </span>
    </p>

    <p class='ocr_par' dir='ltr' id='par_1_3' title="bbox 424 316 2090 1624">
     <span class='ocr_line' id='line_1_5' title="bbox 483 316 2032 375; baseline -0.007 -3"><span class='ocrx_word' id='word_1_36' title='bbox 483 332 674 372; x_wconf 68' lang='lat' dir='ltr'>Praeterea</span> <span class='ocrx_word' id='word_1_37' title='bbox 691 317 921 364; x_wconf 84' lang='lat' dir='ltr'>Fundus‚seu</span> <span class='ocrx_word' id='word_1_38' title='bbox 948 316 1238 372; x_wconf 76' lang='lat' dir='ltr'>fundamentum</span> <span class='ocrx_word' id='word_1_39' title='bbox 1256 331 1373 373; x_wconf 89' lang='lat' dir='ltr'>opum</span> <span class='ocrx_word' id='word_1_40' title='bbox 1387 316 1632 360; x_wconf 58' lang='lat' dir='ltr'>&amp;fruetuum</span> <span class='ocrx_word' id='word_1_41' title='bbox 1649 317 1760 359; x_wconf 85' lang='lat' dir='ltr'>huius</span> <span class='ocrx_word' id='word_1_42' title='bbox 1774 328 1888 361; x_wconf 81' lang='lat' dir='ltr'>terrae</span> <span class='ocrx_word' id='word_1_43' title='bbox 1905 322 1943 360; x_wconf 92' lang='lat' dir='ltr'>in</span> <span class='ocrx_word' id='word_1_44' title='bbox 1957 334 2032 375; x_wconf 45' lang='lat' dir='ltr'>pas</span> 
     </span>
     <span class='ocr_line' id='line_1_6' title="bbox 425 372 2028 432; baseline -0.006 -3"><span class='ocrx_word' id='word_1_45' title='bbox 425 389 521 430; x_wconf 80' lang='lat' dir='ltr'>scuis</span> <span class='ocrx_word' id='word_1_46' title='bbox 534 378 775 425; x_wconf 85' lang='lat' dir='ltr'>solummodo</span> <span class='ocrx_word' id='word_1_47' title='bbox 789 372 982 419; x_wconf 75' lang='lat' dir='ltr'>confistit;</span> <span class='ocrx_word' id='word_1_48' title='bbox 1016 376 1157 429; x_wconf 75' lang='lat' dir='ltr'>pecori</span> <span class='ocrx_word' id='word_1_49' title='bbox 1179 377 1418 420; x_wconf 77' lang='lat' dir='ltr'>nutriendo,</span> <span class='ocrx_word' id='word_1_50' title='bbox 1442 373 1730 432; x_wconf 86' lang='lat' dir='ltr'>saginandoque</span> <span class='ocrx_word' id='word_1_51' title='bbox 1753 377 1916 417; x_wconf 75' lang='lat' dir='ltr'>maxime</span> <span class='ocrx_word' id='word_1_52' title='bbox 1939 377 2028 419; x_wconf 77' lang='lat' dir='ltr'>ido-s</span> 
     </span>
     <span class='ocr_line' id='line_1_7' title="bbox 427 429 2028 494; baseline -0.006 -9"><span class='ocrx_word' id='word_1_53' title='bbox 427 449 530 485; x_wconf 86' lang='lat' dir='ltr'>neis:</span> <span class='ocrx_word' id='word_1_54' title='bbox 553 444 643 494; x_wconf 88' lang='lat' dir='ltr'>equi</span> <span class='ocrx_word' id='word_1_55' title='bbox 659 436 761 476; x_wconf 87' lang='lat' dir='ltr'>vasto</span> <span class='ocrx_word' id='word_1_56' title='bbox 776 436 814 473; x_wconf 89' lang='lat' dir='ltr'>in</span> <span class='ocrx_word' id='word_1_57' title='bbox 827 435 959 488; x_wconf 87' lang='lat' dir='ltr'>primis</span> <span class='ocrx_word' id='word_1_58' title='bbox 970 429 1054 471; x_wconf 87' lang='lat' dir='ltr'>sunt</span> <span class='ocrx_word' id='word_1_59' title='bbox 1066 445 1260 486; x_wconf 85' lang='lat' dir='ltr'>corpore,</span> <span class='ocrx_word' id='word_1_60' title='bbox 1289 431 1497 473; x_wconf 82' lang='lat' dir='ltr'>admodum</span> <span class='ocrx_word' id='word_1_61' title='bbox 1519 437 1634 474; x_wconf 76' lang='lat' dir='ltr'>etiam</span> <span class='ocrx_word' id='word_1_62' title='bbox 1661 433 1816 489; x_wconf 80' lang='lat' dir='ltr'>pulchri</span> <span class='ocrx_word' id='word_1_63' title='bbox 1832 433 1924 474; x_wconf 87' lang='lat' dir='ltr'>&amp;in</span> <span class='ocrx_word' id='word_1_64' title='bbox 1938 434 2028 475; x_wconf 82' lang='lat' dir='ltr'>belli</span> 
     </span>
     <span class='ocr_line' id='line_1_8' title="bbox 426 489 2032 546; baseline -0.01 -4"><span class='ocrx_word' id='word_1_65' title='bbox 426 500 526 542; x_wconf 87' lang='lat' dir='ltr'>vsum</span> <span class='ocrx_word' id='word_1_66' title='bbox 538 497 701 537; x_wconf 84' lang='lat' dir='ltr'>maxime</span> <span class='ocrx_word' id='word_1_67' title='bbox 714 489 965 532; x_wconf 76' lang='lat' dir='ltr'>inseruientes</span> <span class='ocrx_word' id='word_1_68' title='bbox 980 519 989 528; x_wconf 92' lang='lat'>.</span> <span class='ocrx_word' id='word_1_69' title='bbox 1005 489 1130 529; x_wconf 85' lang='lat' dir='ltr'>Boues</span> <span class='ocrx_word' id='word_1_70' title='bbox 1145 490 1188 529; x_wconf 88' lang='lat'>&amp;</span> <span class='ocrx_word' id='word_1_71' title='bbox 1202 502 1333 530; x_wconf 84' lang='lat' dir='ltr'>vaccae</span> <span class='ocrx_word' id='word_1_72' title='bbox 1348 491 1385 529; x_wconf 83' lang='lat' dir='ltr'>in</span> <span class='ocrx_word' id='word_1_73' title='bbox 1403 490 1619 532; x_wconf 84' lang='lat' dir='ltr'>Hollandia</span> <span class='ocrx_word' id='word_1_74' title='bbox 1638 494 1715 546; x_wconf 84' lang='lat' dir='ltr'>(vt</span> <span class='ocrx_word' id='word_1_75' title='bbox 1726 505 1798 545; x_wconf 82' lang='lat' dir='ltr'>ego</span> <span class='ocrx_word' id='word_1_76' title='bbox 1817 490 1925 543; x_wconf 79' lang='lat' dir='ltr'>vidi)</span> <span class='ocrx_word' id='word_1_77' title='bbox 1940 505 2032 532; x_wconf 79' lang='lat' dir='ltr'>eor-</span> 
     </span>
     <span class='ocr_line' id='line_1_9' title="bbox 425 546 2026 601; baseline -0.004 -5"><span class='ocrx_word' id='word_1_78' title='bbox 425 570 538 597; x_wconf 88' lang='lat' dir='ltr'>nuum</span> <span class='ocrx_word' id='word_1_79' title='bbox 556 549 809 594; x_wconf 78' lang='lat' dir='ltr'>celsitudine,</span> <span class='ocrx_word' id='word_1_80' title='bbox 825 546 992 587; x_wconf 72' lang='lat' dir='ltr'>&amp;lastis</span> <span class='ocrx_word' id='word_1_81' title='bbox 1006 550 1125 600; x_wconf 91' lang='lat' dir='ltr'>copia</span> <span class='ocrx_word' id='word_1_82' title='bbox 1141 547 1291 587; x_wconf 64' lang='lat' dir='ltr'>eximite</span> <span class='ocrx_word' id='word_1_83' title='bbox 1309 561 1319 591; x_wconf 86' lang='lat'><strong>;</strong></span> <span class='ocrx_word' id='word_1_84' title='bbox 1340 561 1389 587; x_wconf 84' lang='lat' dir='ltr'>ex</span> <span class='ocrx_word' id='word_1_85' title='bbox 1404 548 1543 601; x_wconf 89' lang='lat' dir='ltr'>quibus</span> <span class='ocrx_word' id='word_1_86' title='bbox 1559 559 1668 589; x_wconf 88' lang='lat' dir='ltr'>tanta</span> <span class='ocrx_word' id='word_1_87' title='bbox 1691 547 1904 588; x_wconf 78' lang='lat' dir='ltr'>conficitur</span> <span class='ocrx_word' id='word_1_88' title='bbox 1928 547 2026 589; x_wconf 75' lang='lat' dir='ltr'>casei</span> 
     </span>
     <span class='ocr_line' id='line_1_10' title="bbox 424 602 2028 663; baseline -0.005 -10"><span class='ocrx_word' id='word_1_89' title='bbox 424 611 529 656; x_wconf 75' lang='lat' dir='ltr'>simul</span> <span class='ocrx_word' id='word_1_90' title='bbox 544 612 584 650; x_wconf 87' lang='lat'>&amp;</span> <span class='ocrx_word' id='word_1_91' title='bbox 596 609 725 663; x_wconf 87' lang='lat' dir='ltr'>butyri</span> <span class='ocrx_word' id='word_1_92' title='bbox 741 606 809 649; x_wconf 79' lang='lat' dir='ltr'>vis;</span> <span class='ocrx_word' id='word_1_93' title='bbox 822 615 863 644; x_wconf 88' lang='lat' dir='ltr'>vt</span> <span class='ocrx_word' id='word_1_94' title='bbox 875 605 927 644; x_wconf 79' lang='lat' dir='ltr'>no</span> <span class='ocrx_word' id='word_1_95' title='bbox 941 602 1008 643; x_wconf 80' lang='lat' dir='ltr'>nisi</span> <span class='ocrx_word' id='word_1_96' title='bbox 1021 608 1087 658; x_wconf 85' lang='lat' dir='ltr'>qui</span> <span class='ocrx_word' id='word_1_97' title='bbox 1103 604 1228 644; x_wconf 89' lang='lat' dir='ltr'>oculis</span> <span class='ocrx_word' id='word_1_98' title='bbox 1243 602 1556 647; x_wconf 82' lang='lat' dir='ltr'>adfuerit,induci</span> <span class='ocrx_word' id='word_1_99' title='bbox 1569 603 1697 660; x_wconf 73' lang='lat' dir='ltr'>possit,</span> <span class='ocrx_word' id='word_1_100' title='bbox 1706 616 1747 645; x_wconf 95' lang='lat' dir='ltr'>vt</span> <span class='ocrx_word' id='word_1_101' title='bbox 1763 604 1912 645; x_wconf 76' lang='lat' dir='ltr'>credat.</span> <span class='ocrx_word' id='word_1_102' title='bbox 1926 607 2028 645; x_wconf 72' lang='lat' dir='ltr'>Prae-</span> 
     </span>
     <span class='ocr_line' id='line_1_11' title="bbox 424 659 2027 722; baseline -0.007 -11"><span class='ocrx_word' id='word_1_103' title='bbox 424 681 485 711; x_wconf 86' lang='lat' dir='ltr'>ter</span> <span class='ocrx_word' id='word_1_104' title='bbox 495 669 581 710; x_wconf 81' lang='lat' dir='ltr'>haec</span> <span class='ocrx_word' id='word_1_105' title='bbox 612 663 753 722; x_wconf 86' lang='lat' dir='ltr'>pascua</span> <span class='ocrx_word' id='word_1_106' title='bbox 774 660 922 702; x_wconf 83' lang='lat' dir='ltr'>modici</span> <span class='ocrx_word' id='word_1_107' title='bbox 933 659 1078 701; x_wconf 65' lang='lat' dir='ltr'>fructus</span> <span class='ocrx_word' id='word_1_108' title='bbox 1094 674 1141 701; x_wconf 79' lang='lat' dir='ltr'>ex</span> <span class='ocrx_word' id='word_1_109' title='bbox 1152 661 1226 701; x_wconf 81' lang='lat' dir='ltr'>hac</span> <span class='ocrx_word' id='word_1_110' title='bbox 1244 672 1345 701; x_wconf 87' lang='lat' dir='ltr'>terra</span> <span class='ocrx_word' id='word_1_111' title='bbox 1358 660 1602 702; x_wconf 88' lang='lat' dir='ltr'>redundant:</span> <span class='ocrx_word' id='word_1_112' title='bbox 1633 660 1785 717; x_wconf 87' lang='lat' dir='ltr'>supplet</span> <span class='ocrx_word' id='word_1_113' title='bbox 1807 665 1841 701; x_wconf 84' lang='lat' dir='ltr'>in</span> <span class='ocrx_word' id='word_1_114' title='bbox 1857 661 2027 702; x_wconf 79' lang='lat' dir='ltr'>homini-</span> 
     </span>
     <span class='ocr_line' id='line_1_12' title="bbox 424 716 2026 777; baseline -0.006 -9"><span class='ocrx_word' id='word_1_115' title='bbox 424 728 496 768; x_wconf 88' lang='lat' dir='ltr'>bus</span> <span class='ocrx_word' id='word_1_116' title='bbox 514 726 584 766; x_wconf 88' lang='lat' dir='ltr'>illis</span> <span class='ocrx_word' id='word_1_117' title='bbox 597 722 737 777; x_wconf 86' lang='lat' dir='ltr'>ingenij</span> <span class='ocrx_word' id='word_1_118' title='bbox 750 732 907 759; x_wconf 86' lang='lat' dir='ltr'>acumen</span> <span class='ocrx_word' id='word_1_119' title='bbox 922 747 931 762; x_wconf 82' lang='lat'><em>‚</em></span> <span class='ocrx_word' id='word_1_120' title='bbox 947 728 1142 772; x_wconf 82' lang='lat' dir='ltr'>vtpraeter</span> <span class='ocrx_word' id='word_1_121' title='bbox 1154 716 1331 773; x_wconf 82' lang='lat' dir='ltr'>praefatas</span> <span class='ocrx_word' id='word_1_122' title='bbox 1345 721 1519 759; x_wconf 87' lang='lat' dir='ltr'>inuentas</span> <span class='ocrx_word' id='word_1_123' title='bbox 1534 728 1658 760; x_wconf 81' lang='lat' dir='ltr'>artes:</span> <span class='ocrx_word' id='word_1_124' title='bbox 1683 722 1795 759; x_wconf 84' lang='lat' dir='ltr'>etiam</span> <span class='ocrx_word' id='word_1_125' title='bbox 1809 722 1847 759; x_wconf 84' lang='lat' dir='ltr'>in</span> <span class='ocrx_word' id='word_1_126' title='bbox 1863 719 2026 760; x_wconf 73' lang='lat' dir='ltr'>caelatu-</span> 
     </span>
     <span class='ocr_line' id='line_1_13' title="bbox 424 773 2022 835; baseline -0.005 -10"><span class='ocrx_word' id='word_1_127' title='bbox 424 799 467 827; x_wconf 80' lang='lat' dir='ltr'>ra</span> <span class='ocrx_word' id='word_1_128' title='bbox 483 785 573 827; x_wconf 87' lang='lat' dir='ltr'>auri,</span> <span class='ocrx_word' id='word_1_129' title='bbox 588 782 745 835; x_wconf 86' lang='lat' dir='ltr'>argenti,</span> <span class='ocrx_word' id='word_1_130' title='bbox 756 779 839 816; x_wconf 88' lang='lat' dir='ltr'>aeris</span> <span class='ocrx_word' id='word_1_131' title='bbox 850 777 993 830; x_wconf 83' lang='lat' dir='ltr'>primus</span> <span class='ocrx_word' id='word_1_132' title='bbox 1010 774 1233 816; x_wconf 84' lang='lat' dir='ltr'>Hollandus</span> <span class='ocrx_word' id='word_1_133' title='bbox 1244 805 1254 821; x_wconf 87' lang='lat'><strong>,</strong></span> <span class='ocrx_word' id='word_1_134' title='bbox 1269 773 1330 815; x_wconf 90' lang='lat' dir='ltr'>seu</span> <span class='ocrx_word' id='word_1_135' title='bbox 1344 774 1469 830; x_wconf 87' lang='lat' dir='ltr'>Belga,</span> <span class='ocrx_word' id='word_1_136' title='bbox 1490 775 1629 817; x_wconf 90' lang='lat' dir='ltr'>malleo</span> <span class='ocrx_word' id='word_1_137' title='bbox 1647 774 1826 831; x_wconf 85' lang='lat' dir='ltr'>styloque</span> <span class='ocrx_word' id='word_1_138' title='bbox 1837 774 2022 817; x_wconf 82' lang='lat' dir='ltr'>substrata</span> 
     </span>
     <span class='ocr_line' id='line_1_14' title="bbox 424 830 2018 897; baseline -0.007 -15"><span class='ocrx_word' id='word_1_139' title='bbox 424 844 514 897; x_wconf 83' lang='lat' dir='ltr'>pice</span> <span class='ocrx_word' id='word_1_140' title='bbox 528 838 667 880; x_wconf 75' lang='lat' dir='ltr'>caelare</span> <span class='ocrx_word' id='word_1_141' title='bbox 680 835 816 876; x_wconf 89' lang='lat' dir='ltr'>docuit</span> <span class='ocrx_word' id='word_1_142' title='bbox 830 862 839 877; x_wconf 94' lang='lat'><em>,</em></span> <span class='ocrx_word' id='word_1_143' title='bbox 853 846 939 872; x_wconf 89' lang='lat' dir='ltr'>cum</span> <span class='ocrx_word' id='word_1_144' title='bbox 955 841 1043 871; x_wconf 87' lang='lat' dir='ltr'>ante</span> <span class='ocrx_word' id='word_1_145' title='bbox 1058 830 1149 873; x_wconf 82' lang='lat' dir='ltr'>fusili</span> <span class='ocrx_word' id='word_1_146' title='bbox 1165 846 1299 873; x_wconf 89' lang='lat' dir='ltr'>omnes</span> <span class='ocrx_word' id='word_1_147' title='bbox 1311 833 1430 874; x_wconf 61' lang='lat' dir='ltr'>ductu</span> <span class='ocrx_word' id='word_1_148' title='bbox 1446 833 1599 874; x_wconf 88' lang='lat' dir='ltr'>laminas</span> <span class='ocrx_word' id='word_1_149' title='bbox 1612 834 1649 873; x_wconf 91' lang='lat' dir='ltr'>in</span> <span class='ocrx_word' id='word_1_150' title='bbox 1660 831 1804 873; x_wconf 86' lang='lat' dir='ltr'>formas</span> <span class='ocrx_word' id='word_1_151' title='bbox 1815 845 2018 886; x_wconf 85' lang='lat' dir='ltr'>cogerent.</span> 
     </span>
     <span class='ocr_line' id='line_1_15' title="bbox 427 887 2023 948; baseline -0.005 -10"><span class='ocrx_word' id='word_1_152' title='bbox 427 903 470 941; x_wconf 87' lang='lat' dir='ltr'>ln</span> <span class='ocrx_word' id='word_1_153' title='bbox 483 900 565 938; x_wconf 80' lang='lat' dir='ltr'>aeris</span> <span class='ocrx_word' id='word_1_154' title='bbox 578 894 775 948; x_wconf 83' lang='lat' dir='ltr'>sculptura</span> <span class='ocrx_word' id='word_1_155' title='bbox 788 913 799 933; x_wconf 73' lang='lat'><em>2</em></span> <span class='ocrx_word' id='word_1_156' title='bbox 814 892 1005 933; x_wconf 88' lang='lat' dir='ltr'>tenuiori,</span> <span class='ocrx_word' id='word_1_157' title='bbox 1030 887 1222 934; x_wconf 89' lang='lat' dir='ltr'>molliori,</span> <span class='ocrx_word' id='word_1_158' title='bbox 1237 890 1466 934; x_wconf 86' lang='lat' dir='ltr'>venustiori,</span> <span class='ocrx_word' id='word_1_159' title='bbox 1486 902 1528 931; x_wconf 87' lang='lat' dir='ltr'>vt</span> <span class='ocrx_word' id='word_1_160' title='bbox 1554 891 1839 930; x_wconf 84' lang='lat' dir='ltr'>calamorumin</span> <span class='ocrx_word' id='word_1_161' title='bbox 1859 890 2023 930; x_wconf 59' lang='lat' dir='ltr'>odium„</span> 
     </span>
     <span class='ocr_line' id='line_1_16' title="bbox 424 944 2024 1012; baseline -0.006 -17"><span class='ocrx_word' id='word_1_162' title='bbox 424 951 625 1012; x_wconf 79' lang='lat' dir='ltr'>pennicilli</span> <span class='ocrx_word' id='word_1_163' title='bbox 637 981 646 995; x_wconf 91' lang='lat'>,</span> <span class='ocrx_word' id='word_1_164' title='bbox 661 950 795 991; x_wconf 64' lang='lat' dir='ltr'>ductu,</span> <span class='ocrx_word' id='word_1_165' title='bbox 813 945 1006 1002; x_wconf 86' lang='lat' dir='ltr'>quidquid</span> <span class='ocrx_word' id='word_1_166' title='bbox 1021 946 1122 985; x_wconf 72' lang='lat' dir='ltr'>noue</span> <span class='ocrx_word' id='word_1_167' title='bbox 1136 944 1290 1000; x_wconf 87' lang='lat' dir='ltr'>vsquam</span> <span class='ocrx_word' id='word_1_168' title='bbox 1302 975 1313 991; x_wconf 89' lang='lat'>‚</span> <span class='ocrx_word' id='word_1_169' title='bbox 1330 947 1524 1002; x_wconf 88' lang='lat' dir='ltr'>quidquid</span> <span class='ocrx_word' id='word_1_170' title='bbox 1538 948 1697 1003; x_wconf 73' lang='lat' dir='ltr'>antique</span> <span class='ocrx_word' id='word_1_171' title='bbox 1711 949 1842 988; x_wconf 89' lang='lat' dir='ltr'>vicere</span> <span class='ocrx_word' id='word_1_172' title='bbox 1854 946 2024 987; x_wconf 88' lang='lat' dir='ltr'>Hollan-</span> 
     </span>
     <span class='ocr_line' id='line_1_17' title="bbox 424 989 2090 1059; baseline -0.008 -6"><span class='ocrx_word' id='word_1_173' title='bbox 424 1014 490 1053; x_wconf 90' lang='lat' dir='ltr'>di.</span> <span class='ocrx_word' id='word_1_174' title='bbox 521 1020 659 1053; x_wconf 73' lang='lat' dir='ltr'>Artem</span> <span class='ocrx_word' id='word_1_175' title='bbox 671 1008 783 1047; x_wconf 90' lang='lat' dir='ltr'>etiam</span> <span class='ocrx_word' id='word_1_176' title='bbox 801 1009 837 1046; x_wconf 92' lang='lat' dir='ltr'>in</span> <span class='ocrx_word' id='word_1_177' title='bbox 856 1004 994 1043; x_wconf 90' lang='lat' dir='ltr'>eodem</span> <span class='ocrx_word' id='word_1_178' title='bbox 1006 1000 1088 1042; x_wconf 88' lang='lat' dir='ltr'>solo</span> <span class='ocrx_word' id='word_1_179' title='bbox 1109 1003 1432 1057; x_wconf 79' lang='lat' dir='ltr'>typographicam</span> <span class='ocrx_word' id='word_1_180' title='bbox 1454 1007 1596 1059; x_wconf 82' lang='lat' dir='ltr'>primus</span> <span class='ocrx_word' id='word_1_181' title='bbox 1613 1007 1763 1045; x_wconf 88' lang='lat' dir='ltr'>inuenit</span> <span class='ocrx_word' id='word_1_182' title='bbox 1780 1003 2020 1046; x_wconf 85' lang='lat' dir='ltr'>Hollandus.</span> <span class='ocrx_word' id='word_1_183' title='bbox 2049 989 2090 1038; x_wconf 86' lang='grc' dir='ltr'><strong>Β</strong></span> 
     </span>
     <span class='ocr_line' id='line_1_18' title="bbox 425 1058 2024 1123; baseline -0.004 -17"><span class='ocrx_word' id='word_1_184' title='bbox 425 1071 489 1110; x_wconf 84' lang='lat' dir='ltr'>De</span> <span class='ocrx_word' id='word_1_185' title='bbox 504 1063 725 1123; x_wconf 85' lang='lat' dir='ltr'>prodigioso</span> <span class='ocrx_word' id='word_1_186' title='bbox 735 1065 987 1102; x_wconf 74' lang='lat' dir='ltr'>tormentatio</span> <span class='ocrx_word' id='word_1_187' title='bbox 1002 1060 1163 1114; x_wconf 85' lang='lat' dir='ltr'>puluere</span> <span class='ocrx_word' id='word_1_188' title='bbox 1180 1058 1393 1108; x_wconf 86' lang='lat' dir='ltr'>disputatio</span> <span class='ocrx_word' id='word_1_189' title='bbox 1408 1062 1533 1104; x_wconf 85' lang='lat' dir='ltr'>varia,</span> <span class='ocrx_word' id='word_1_190' title='bbox 1555 1059 1620 1101; x_wconf 91' lang='lat' dir='ltr'>sed</span> <span class='ocrx_word' id='word_1_191' title='bbox 1638 1059 1840 1115; x_wconf 69' lang='lat' dir='ltr'>Hollfidum</span> <span class='ocrx_word' id='word_1_192' title='bbox 1853 1075 1943 1101; x_wconf 87' lang='lat' dir='ltr'>vere</span> <span class='ocrx_word' id='word_1_193' title='bbox 1958 1075 2024 1102; x_wconf 86' lang='lat' dir='ltr'>au-</span> 
     </span>
     <span class='ocr_line' id='line_1_19' title="bbox 425 1116 2026 1171; baseline -0.004 -6"><span class='ocrx_word' id='word_1_194' title='bbox 425 1127 575 1168; x_wconf 64' lang='lat' dir='ltr'>&amp;orem</span> <span class='ocrx_word' id='word_1_195' title='bbox 589 1122 755 1163; x_wconf 85' lang='lat' dir='ltr'>faciunt.</span> <span class='ocrx_word' id='word_1_196' title='bbox 788 1119 938 1171; x_wconf 86' lang='lat' dir='ltr'>Deniq;</span> <span class='ocrx_word' id='word_1_197' title='bbox 951 1117 993 1157; x_wconf 84' lang='lat'>&amp;</span> <span class='ocrx_word' id='word_1_198' title='bbox 1005 1130 1146 1157; x_wconf 87' lang='lat' dir='ltr'>nomen</span> <span class='ocrx_word' id='word_1_199' title='bbox 1163 1116 1211 1156; x_wconf 87' lang='lat' dir='ltr'>ab</span> <span class='ocrx_word' id='word_1_200' title='bbox 1223 1120 1360 1159; x_wconf 89' lang='lat' dir='ltr'>artium</span> <span class='ocrx_word' id='word_1_201' title='bbox 1377 1116 1564 1171; x_wconf 87' lang='lat' dir='ltr'>elegantia</span> <span class='ocrx_word' id='word_1_202' title='bbox 1576 1146 1586 1161; x_wconf 90' lang='lat'>‚</span> <span class='ocrx_word' id='word_1_203' title='bbox 1601 1117 1642 1157; x_wconf 65' lang='grc' dir='ltr'>ὃς</span> <span class='ocrx_word' id='word_1_204' title='bbox 1656 1117 1925 1158; x_wconf 87' lang='lat' dir='ltr'>inuentoribus</span> <span class='ocrx_word' id='word_1_205' title='bbox 1947 1132 2026 1159; x_wconf 87' lang='lat' dir='ltr'>ma-</span> 
     </span>
     <span class='ocr_line' id='line_1_20' title="bbox 427 1171 2024 1238; baseline -0.005 -16"><span class='ocrx_word' id='word_1_206' title='bbox 427 1195 540 1238; x_wconf 85' lang='lat' dir='ltr'>gnum</span> <span class='ocrx_word' id='word_1_207' title='bbox 556 1177 777 1219; x_wconf 78' lang='lat' dir='ltr'>Hollandiae</span> <span class='ocrx_word' id='word_1_208' title='bbox 787 1172 947 1215; x_wconf 82' lang='lat' dir='ltr'>creuiffe</span> <span class='ocrx_word' id='word_1_209' title='bbox 959 1187 1096 1228; x_wconf 83' lang='lat' dir='ltr'>negare</span> <span class='ocrx_word' id='word_1_210' title='bbox 1109 1187 1223 1214; x_wconf 92' lang='lat' dir='ltr'>nemo</span> <span class='ocrx_word' id='word_1_211' title='bbox 1237 1173 1366 1228; x_wconf 84' lang='lat' dir='ltr'>potest</span> <span class='ocrx_word' id='word_1_212' title='bbox 1377 1205 1385 1213; x_wconf 91' lang='lat'>.</span> <span class='ocrx_word' id='word_1_213' title='bbox 1414 1171 1628 1215; x_wconf 83' lang='lat' dir='ltr'>Accessere</span> <span class='ocrx_word' id='word_1_214' title='bbox 1651 1173 1795 1214; x_wconf 81' lang='lat' dir='ltr'>exinde</span> <span class='ocrx_word' id='word_1_215' title='bbox 1818 1173 1872 1213; x_wconf 88' lang='lat' dir='ltr'>illi</span> <span class='ocrx_word' id='word_1_216' title='bbox 1885 1178 2024 1216; x_wconf 86' lang='lat' dir='ltr'>merci-</span> 
     </span>
     <span class='ocr_line' id='line_1_21' title="bbox 427 1229 2028 1287; baseline -0.004 -9"><span class='ocrx_word' id='word_1_217' title='bbox 427 1238 568 1281; x_wconf 86' lang='lat' dir='ltr'>monia,</span> <span class='ocrx_word' id='word_1_218' title='bbox 583 1246 623 1276; x_wconf 88' lang='lat' dir='ltr'>vt</span> <span class='ocrx_word' id='word_1_219' title='bbox 636 1232 833 1275; x_wconf 84' lang='lat' dir='ltr'>arbitreris</span> <span class='ocrx_word' id='word_1_220' title='bbox 847 1231 953 1272; x_wconf 86' lang='lat' dir='ltr'>orbis</span> <span class='ocrx_word' id='word_1_221' title='bbox 965 1231 1158 1285; x_wconf 86' lang='lat' dir='ltr'>potiorem</span> <span class='ocrx_word' id='word_1_222' title='bbox 1168 1240 1321 1286; x_wconf 87' lang='lat' dir='ltr'>partem</span> <span class='ocrx_word' id='word_1_223' title='bbox 1336 1235 1374 1272; x_wconf 91' lang='lat' dir='ltr'>in</span> <span class='ocrx_word' id='word_1_224' title='bbox 1385 1229 1482 1271; x_wconf 88' lang='lat' dir='ltr'>illam</span> <span class='ocrx_word' id='word_1_225' title='bbox 1494 1241 1635 1272; x_wconf 88' lang='lat' dir='ltr'>terram</span> <span class='ocrx_word' id='word_1_226' title='bbox 1648 1229 1830 1285; x_wconf 77' lang='lat' dir='ltr'>migrasse:</span> <span class='ocrx_word' id='word_1_227' title='bbox 1843 1231 1898 1272; x_wconf 87' lang='lat' dir='ltr'>ita</span> <span class='ocrx_word' id='word_1_228' title='bbox 1911 1230 2028 1287; x_wconf 82' lang='lat' dir='ltr'>quid-</span> 
     </span>
     <span class='ocr_line' id='line_1_22' title="bbox 431 1287 2027 1351; baseline -0.004 -17"><span class='ocrx_word' id='word_1_229' title='bbox 431 1295 529 1351; x_wconf 91' lang='lat' dir='ltr'>quid</span> <span class='ocrx_word' id='word_1_230' title='bbox 545 1304 708 1348; x_wconf 89' lang='lat' dir='ltr'>vterque</span> <span class='ocrx_word' id='word_1_231' title='bbox 723 1288 839 1330; x_wconf 84' lang='lat' dir='ltr'>lndus</span> <span class='ocrx_word' id='word_1_232' title='bbox 851 1317 863 1333; x_wconf 94' lang='lat'>‚</span> <span class='ocrx_word' id='word_1_233' title='bbox 887 1288 1035 1332; x_wconf 87' lang='lat' dir='ltr'>Arabs,</span> <span class='ocrx_word' id='word_1_234' title='bbox 1057 1290 1208 1342; x_wconf 86' lang='lat' dir='ltr'>Tagus,</span> <span class='ocrx_word' id='word_1_235' title='bbox 1234 1288 1365 1333; x_wconf 86' lang='lat' dir='ltr'>Nilus,</span> <span class='ocrx_word' id='word_1_236' title='bbox 1391 1287 1567 1332; x_wconf 87' lang='lat' dir='ltr'>Tiberis,</span> <span class='ocrx_word' id='word_1_237' title='bbox 1587 1289 1791 1328; x_wconf 85' lang='lat' dir='ltr'>Danubius</span> <span class='ocrx_word' id='word_1_238' title='bbox 1806 1315 1817 1331; x_wconf 94' lang='lat'><em>‚</em></span> <span class='ocrx_word' id='word_1_239' title='bbox 1833 1287 2000 1330; x_wconf 87' lang='lat' dir='ltr'>Rhenus</span> <span class='ocrx_word' id='word_1_240' title='bbox 2012 1310 2027 1332; x_wconf 66' lang='lat'>2</span> 
     </span>
     <span class='ocr_line' id='line_1_23' title="bbox 435 1343 2030 1400; baseline -0.004 -8"><span class='ocrx_word' id='word_1_241' title='bbox 435 1349 636 1393; x_wconf 79' lang='lat' dir='ltr'>Thamefis</span> <span class='ocrx_word' id='word_1_242' title='bbox 652 1377 661 1394; x_wconf 90' lang='lat'><strong>,</strong></span> <span class='ocrx_word' id='word_1_243' title='bbox 673 1345 862 1388; x_wconf 88' lang='lat' dir='ltr'>Moschus</span> <span class='ocrx_word' id='word_1_244' title='bbox 874 1367 886 1388; x_wconf 71' lang='lat'><em>2</em></span> <span class='ocrx_word' id='word_1_245' title='bbox 905 1344 995 1386; x_wconf 86' lang='lat' dir='ltr'>lber</span> <span class='ocrx_word' id='word_1_246' title='bbox 1008 1372 1017 1387; x_wconf 78' lang='lat'>‚</span> <span class='ocrx_word' id='word_1_247' title='bbox 1038 1347 1215 1399; x_wconf 85' lang='lat' dir='ltr'>Sequana</span> <span class='ocrx_word' id='word_1_248' title='bbox 1226 1345 1347 1385; x_wconf 87' lang='lat' dir='ltr'>diuite</span> <span class='ocrx_word' id='word_1_249' title='bbox 1362 1343 1556 1400; x_wconf 83' lang='lat' dir='ltr'>produxit</span> <span class='ocrx_word' id='word_1_250' title='bbox 1568 1344 1661 1389; x_wconf 88' lang='lat' dir='ltr'>finu,</span> <span class='ocrx_word' id='word_1_251' title='bbox 1681 1343 1874 1399; x_wconf 89' lang='lat' dir='ltr'>quidquid</span> <span class='ocrx_word' id='word_1_252' title='bbox 1893 1345 2030 1386; x_wconf 87' lang='lat' dir='ltr'>Ocea-</span> 
     </span>
     <span class='ocr_line' id='line_1_24' title="bbox 431 1399 2026 1459; baseline -0.006 -10"><span class='ocrx_word' id='word_1_253' title='bbox 431 1423 485 1452; x_wconf 90' lang='lat' dir='ltr'>no</span> <span class='ocrx_word' id='word_1_254' title='bbox 497 1418 599 1452; x_wconf 89' lang='lat' dir='ltr'>toto,</span> <span class='ocrx_word' id='word_1_255' title='bbox 622 1402 826 1459; x_wconf 83' lang='lat' dir='ltr'>Insulisque</span> <span class='ocrx_word' id='word_1_256' title='bbox 838 1400 1016 1443; x_wconf 86' lang='lat' dir='ltr'>omnibus</span> <span class='ocrx_word' id='word_1_257' title='bbox 1033 1411 1181 1446; x_wconf 87' lang='lat' dir='ltr'>natum,</span> <span class='ocrx_word' id='word_1_258' title='bbox 1202 1399 1362 1443; x_wconf 74' lang='lat' dir='ltr'>firmasse</span> <span class='ocrx_word' id='word_1_259' title='bbox 1373 1403 1411 1442; x_wconf 89' lang='lat' dir='ltr'>in</span> <span class='ocrx_word' id='word_1_260' title='bbox 1432 1402 1649 1443; x_wconf 88' lang='lat' dir='ltr'>Hollandia</span> <span class='ocrx_word' id='word_1_261' title='bbox 1663 1401 1793 1442; x_wconf 82' lang='lat' dir='ltr'>videas</span> <span class='ocrx_word' id='word_1_262' title='bbox 1809 1414 1819 1441; x_wconf 92' lang='lat'>:</span> <span class='ocrx_word' id='word_1_263' title='bbox 1836 1411 1877 1441; x_wconf 92' lang='lat' dir='ltr'>vt</span> <span class='ocrx_word' id='word_1_264' title='bbox 1893 1414 2026 1442; x_wconf 85' lang='lat' dir='ltr'>omnes</span> 
     </span>
     <span class='ocr_line' id='line_1_25' title="bbox 429 1456 2025 1512; baseline -0.006 -4"><span class='ocrx_word' id='word_1_265' title='bbox 429 1466 539 1509; x_wconf 86' lang='lat' dir='ltr'>orbis</span> <span class='ocrx_word' id='word_1_266' title='bbox 550 1463 690 1505; x_wconf 87' lang='lat' dir='ltr'>incolae</span> <span class='ocrx_word' id='word_1_267' title='bbox 705 1475 791 1502; x_wconf 89' lang='lat' dir='ltr'>cum</span> <span class='ocrx_word' id='word_1_268' title='bbox 805 1458 917 1500; x_wconf 74' lang='lat' dir='ltr'>Sabae</span> <span class='ocrx_word' id='word_1_269' title='bbox 937 1459 1086 1512; x_wconf 82' lang='lat' dir='ltr'>Regina</span> <span class='ocrx_word' id='word_1_270' title='bbox 1113 1459 1162 1501; x_wconf 91' lang='lat' dir='ltr'>de</span> <span class='ocrx_word' id='word_1_271' title='bbox 1187 1458 1506 1500; x_wconf 86' lang='lat' dir='ltr'>Mechanicarum</span> <span class='ocrx_word' id='word_1_272' title='bbox 1534 1462 1670 1499; x_wconf 88' lang='lat' dir='ltr'>artium</span> <span class='ocrx_word' id='word_1_273' title='bbox 1681 1456 1870 1498; x_wconf 87' lang='lat' dir='ltr'>miraculis</span> <span class='ocrx_word' id='word_1_274' title='bbox 1886 1459 2025 1500; x_wconf 87' lang='lat' dir='ltr'>excla-</span> 
     </span>
     <span class='ocr_line' id='line_1_26' title="bbox 428 1513 2023 1576; baseline -0.01 -11"><span class='ocrx_word' id='word_1_275' title='bbox 428 1521 755 1566; x_wconf 84' lang='lat' dir='ltr'>mentlubentes:</span> <span class='ocrx_word' id='word_1_276' title='bbox 777 1515 958 1576; x_wconf 84' lang='lat' dir='ltr'>superant</span> <span class='ocrx_word' id='word_1_277' title='bbox 969 1513 1103 1558; x_wconf 87' lang='lat' dir='ltr'>famam</span> <span class='ocrx_word' id='word_1_278' title='bbox 1121 1545 1132 1563; x_wconf 84' lang='lat'><em>,</em></span> <span class='ocrx_word' id='word_1_279' title='bbox 1154 1515 1352 1576; x_wconf 74' lang='lat' dir='ltr'>fidemque</span> <span class='ocrx_word' id='word_1_280' title='bbox 1370 1529 1450 1560; x_wconf 84' lang='lat' dir='ltr'>non</span> <span class='ocrx_word' id='word_1_281' title='bbox 1476 1529 1619 1574; x_wconf 79' lang='lat' dir='ltr'>magnae</span> <span class='ocrx_word' id='word_1_282' title='bbox 1641 1526 1756 1559; x_wconf 76' lang='lat' dir='ltr'>terrae</span> <span class='ocrx_word' id='word_1_283' title='bbox 1772 1516 1933 1557; x_wconf 73' lang='lat' dir='ltr'>inuenta</span> <span class='ocrx_word' id='word_1_284' title='bbox 1945 1529 2023 1557; x_wconf 67' lang='lat' dir='ltr'>ma.</span> 
     </span>
     <span class='ocr_line' id='line_1_27' title="bbox 429 1587 589 1624; baseline -0.019 0"><span class='ocrx_word' id='word_1_285' title='bbox 429 1587 509 1624; x_wconf 81' lang='lat' dir='ltr'>xim</span> <span class='ocrx_word' id='word_1_286' title='bbox 527 1594 589 1621; x_wconf 58' lang='lat' dir='ltr'>a„</span> 
     </span>
    </p>

    <p class='ocr_par' dir='ltr' id='par_1_4' title="bbox 180 1629 2038 2032">
     <span class='ocr_line' id='line_1_28' title="bbox 180 1629 2030 1697; baseline -0.005 -17"><span class='ocrx_word' id='word_1_287' title='bbox 180 1656 386 1697; x_wconf 73' lang='lat' dir='ltr'>eonfidmeio.</span> <span class='ocrx_word' id='word_1_288' title='bbox 480 1636 658 1680; x_wconf 83' lang='lat' dir='ltr'>Accidet</span> <span class='ocrx_word' id='word_1_289' title='bbox 667 1635 747 1677; x_wconf 88' lang='lat' dir='ltr'>hoc</span> <span class='ocrx_word' id='word_1_290' title='bbox 761 1634 863 1677; x_wconf 89' lang='lat' dir='ltr'>idem</span> <span class='ocrx_word' id='word_1_291' title='bbox 877 1637 1001 1692; x_wconf 87' lang='lat' dir='ltr'>regnis</span> <span class='ocrx_word' id='word_1_292' title='bbox 1018 1635 1208 1682; x_wconf 81' lang='lat' dir='ltr'>omnibus,</span> <span class='ocrx_word' id='word_1_293' title='bbox 1222 1635 1249 1678; x_wconf 86' lang='lat' dir='ltr'>fi</span> <span class='ocrx_word' id='word_1_294' title='bbox 1264 1637 1396 1680; x_wconf 85' lang='lat' dir='ltr'>artium</span> <span class='ocrx_word' id='word_1_295' title='bbox 1412 1646 1599 1678; x_wconf 88' lang='lat' dir='ltr'>amatores</span> <span class='ocrx_word' id='word_1_296' title='bbox 1616 1635 1822 1689; x_wconf 88' lang='lat' dir='ltr'>Principes</span> <span class='ocrx_word' id='word_1_297' title='bbox 1833 1632 1934 1673; x_wconf 69' lang='lat' dir='ltr'>nasti</span> <span class='ocrx_word' id='word_1_298' title='bbox 1948 1629 2030 1672; x_wconf 84' lang='lat' dir='ltr'>fue-</span> 
     </span>
     <span class='ocr_line' id='line_1_29' title="bbox 424 1689 2035 1750; baseline -0.006 -14"><span class='ocrx_word' id='word_1_299' title='bbox 424 1695 517 1736; x_wconf 77' lang='lat' dir='ltr'>rint.</span> <span class='ocrx_word' id='word_1_300' title='bbox 534 1698 568 1734; x_wconf 88' lang='lat' dir='ltr'>A</span> <span class='ocrx_word' id='word_1_301' title='bbox 586 1695 778 1749; x_wconf 89' lang='lat' dir='ltr'>Principis</span> <span class='ocrx_word' id='word_1_302' title='bbox 791 1708 884 1749; x_wconf 88' lang='lat' dir='ltr'>ergo</span> <span class='ocrx_word' id='word_1_303' title='bbox 900 1693 1164 1735; x_wconf 86' lang='lat' dir='ltr'>munificentia</span> <span class='ocrx_word' id='word_1_304' title='bbox 1174 1708 1232 1735; x_wconf 90' lang='lat' dir='ltr'>res</span> <span class='ocrx_word' id='word_1_305' title='bbox 1248 1698 1369 1735; x_wconf 89' lang='lat' dir='ltr'>omnis</span> <span class='ocrx_word' id='word_1_306' title='bbox 1383 1695 1533 1750; x_wconf 85' lang='lat' dir='ltr'>pendet</span> <span class='ocrx_word' id='word_1_307' title='bbox 1546 1691 1785 1739; x_wconf 81' lang='lat' dir='ltr'>3dummodo</span> <span class='ocrx_word' id='word_1_308' title='bbox 1798 1689 2035 1744; x_wconf 83' lang='lat' dir='ltr'>vigilantiam</span> 
     </span>
     <span class='ocr_line' id='line_1_30' title="bbox 427 1744 2036 1805; baseline -0.005 -13"><span class='ocrx_word' id='word_1_309' title='bbox 427 1753 471 1792; x_wconf 84' lang='lat'>&amp;</span> <span class='ocrx_word' id='word_1_310' title='bbox 484 1750 705 1792; x_wconf 87' lang='lat' dir='ltr'>industriam</span> <span class='ocrx_word' id='word_1_311' title='bbox 730 1749 848 1790; x_wconf 89' lang='lat' dir='ltr'>addat</span> <span class='ocrx_word' id='word_1_312' title='bbox 864 1751 1084 1805; x_wconf 80' lang='lat' dir='ltr'>prudentiae</span> <span class='ocrx_word' id='word_1_313' title='bbox 1109 1753 1273 1793; x_wconf 84' lang='lat' dir='ltr'>comites</span> <span class='ocrx_word' id='word_1_314' title='bbox 1286 1781 1296 1797; x_wconf 92' lang='lat'><strong>,</strong></span> <span class='ocrx_word' id='word_1_315' title='bbox 1323 1766 1395 1793; x_wconf 88' lang='lat' dir='ltr'>nec</span> <span class='ocrx_word' id='word_1_316' title='bbox 1415 1761 1526 1792; x_wconf 85' lang='lat' dir='ltr'>extra</span> <span class='ocrx_word' id='word_1_317' title='bbox 1550 1763 1708 1804; x_wconf 85' lang='lat' dir='ltr'>regnum</span> <span class='ocrx_word' id='word_1_318' title='bbox 1736 1750 1906 1803; x_wconf 73' lang='lat' dir='ltr'>patIatur</span> <span class='ocrx_word' id='word_1_319' title='bbox 1926 1744 2010 1785; x_wconf 84' lang='lat' dir='ltr'>fieri</span> <span class='ocrx_word' id='word_1_320' title='bbox 2023 1773 2036 1789; x_wconf 89' lang='lat'><strong>,</strong></span> 
     </span>
     <span class='ocr_line' id='line_1_31' title="bbox 425 1799 2034 1864; baseline -0.004 -15"><span class='ocrx_word' id='word_1_321' title='bbox 425 1809 537 1864; x_wconf 92' lang='lat' dir='ltr'>quod</span> <span class='ocrx_word' id='word_1_322' title='bbox 553 1810 590 1849; x_wconf 91' lang='lat' dir='ltr'>in</span> <span class='ocrx_word' id='word_1_323' title='bbox 605 1806 880 1864; x_wconf 87' lang='lat' dir='ltr'>eopotest‚nec</span> <span class='ocrx_word' id='word_1_324' title='bbox 896 1807 1226 1850; x_wconf 81' lang='lat' dir='ltr'>efferriindustriae</span> <span class='ocrx_word' id='word_1_325' title='bbox 1242 1813 1450 1853; x_wconf 86' lang='lat' dir='ltr'>materiam,</span> <span class='ocrx_word' id='word_1_326' title='bbox 1462 1821 1535 1848; x_wconf 90' lang='lat' dir='ltr'>nec</span> <span class='ocrx_word' id='word_1_327' title='bbox 1550 1806 1681 1848; x_wconf 86' lang='lat' dir='ltr'>inferri</span> <span class='ocrx_word' id='word_1_328' title='bbox 1698 1807 1718 1846; x_wconf 78' lang='lat' dir='ltr'>a</span> <span class='ocrx_word' id='word_1_329' title='bbox 1735 1804 1952 1845; x_wconf 83' lang='lat' dir='ltr'>mutuatitia</span> <span class='ocrx_word' id='word_1_330' title='bbox 1965 1803 1986 1843; x_wconf 71' lang='lat' dir='ltr'>a</span> <span class='ocrx_word' id='word_1_331' title='bbox 1999 1799 2034 1842; x_wconf 86' lang='lat' dir='ltr'>se</span> 
     </span>
     <span class='ocr_line' id='line_1_32' title="bbox 425 1858 2037 1921; baseline -0.005 -15"><span class='ocrx_word' id='word_1_332' title='bbox 425 1877 564 1921; x_wconf 87' lang='lat' dir='ltr'>parata</span> <span class='ocrx_word' id='word_1_333' title='bbox 574 1866 752 1906; x_wconf 81' lang='lat' dir='ltr'>materia·</span> <span class='ocrx_word' id='word_1_334' title='bbox 788 1863 1006 1904; x_wconf 90' lang='lat' dir='ltr'>Lustremus</span> <span class='ocrx_word' id='word_1_335' title='bbox 1019 1865 1204 1919; x_wconf 87' lang='lat' dir='ltr'>exemplo</span> <span class='ocrx_word' id='word_1_336' title='bbox 1224 1864 1448 1920; x_wconf 86' lang='lat' dir='ltr'>Hispaniam</span> <span class='ocrx_word' id='word_1_337' title='bbox 1464 1888 1475 1909; x_wconf 82' lang='lat'><strong>‚</strong></span> <span class='ocrx_word' id='word_1_338' title='bbox 1496 1878 1580 1919; x_wconf 83' lang='lat' dir='ltr'>quae</span> <span class='ocrx_word' id='word_1_339' title='bbox 1593 1865 1704 1904; x_wconf 86' lang='lat' dir='ltr'>diues</span> <span class='ocrx_word' id='word_1_340' title='bbox 1714 1862 1767 1903; x_wconf 87' lang='lat' dir='ltr'>est</span> <span class='ocrx_word' id='word_1_341' title='bbox 1783 1859 1915 1902; x_wconf 84' lang='lat' dir='ltr'>serico</span> <span class='ocrx_word' id='word_1_342' title='bbox 1929 1860 1971 1900; x_wconf 85' lang='lat'>&amp;</span> <span class='ocrx_word' id='word_1_343' title='bbox 1984 1858 2037 1899; x_wconf 86' lang='lat' dir='ltr'>la·</span> 
     </span>
     <span class='ocr_line' id='line_1_33' title="bbox 425 1917 2038 1977; baseline -0.004 -14"><span class='ocrx_word' id='word_1_344' title='bbox 425 1938 491 1967; x_wconf 78' lang='lat' dir='ltr'>na3</span> <span class='ocrx_word' id='word_1_345' title='bbox 515 1923 557 1962; x_wconf 90' lang='lat'>&amp;</span> <span class='ocrx_word' id='word_1_346' title='bbox 569 1932 695 1962; x_wconf 89' lang='lat' dir='ltr'>tamen</span> <span class='ocrx_word' id='word_1_347' title='bbox 711 1923 732 1961; x_wconf 77' lang='lat' dir='ltr'>a</span> <span class='ocrx_word' id='word_1_348' title='bbox 744 1924 904 1962; x_wconf 89' lang='lat' dir='ltr'>remotis</span> <span class='ocrx_word' id='word_1_349' title='bbox 916 1924 1043 1977; x_wconf 83' lang='lat' dir='ltr'>regnis</span> <span class='ocrx_word' id='word_1_350' title='bbox 1056 1922 1186 1962; x_wconf 85' lang='lat' dir='ltr'>laneas</span> <span class='ocrx_word' id='word_1_351' title='bbox 1200 1921 1291 1966; x_wconf 84' lang='lat' dir='ltr'>fibi,</span> <span class='ocrx_word' id='word_1_352' title='bbox 1306 1924 1347 1963; x_wconf 88' lang='lat'>&amp;</span> <span class='ocrx_word' id='word_1_353' title='bbox 1362 1922 1499 1963; x_wconf 87' lang='lat' dir='ltr'>sericas</span> <span class='ocrx_word' id='word_1_354' title='bbox 1513 1930 1710 1962; x_wconf 89' lang='lat' dir='ltr'>mutuatur</span> <span class='ocrx_word' id='word_1_355' title='bbox 1723 1917 1844 1967; x_wconf 82' lang='lat' dir='ltr'>vestes</span> <span class='ocrx_word' id='word_1_356' title='bbox 1859 1946 1869 1962; x_wconf 90' lang='lat'><em>‚</em></span> <span class='ocrx_word' id='word_1_357' title='bbox 1894 1930 2038 1971; x_wconf 81' lang='lat' dir='ltr'>regno-</span> 
     </span>
     <span class='ocr_line' id='line_1_34' title="bbox 427 1974 2037 2032; baseline -0.004 -13"><span class='ocrx_word' id='word_1_358' title='bbox 427 1993 510 2020; x_wconf 84' lang='lat' dir='ltr'>rum</span> <span class='ocrx_word' id='word_1_359' title='bbox 540 1978 698 2019; x_wconf 87' lang='lat' dir='ltr'>aliorum</span> <span class='ocrx_word' id='word_1_360' title='bbox 725 1978 989 2018; x_wconf 82' lang='lat' dir='ltr'>emolumento</span> <span class='ocrx_word' id='word_1_361' title='bbox 1019 1991 1184 2032; x_wconf 83' lang='lat' dir='ltr'>magno,</span> <span class='ocrx_word' id='word_1_362' title='bbox 1209 1980 1353 2020; x_wconf 89' lang='lat' dir='ltr'>damno</span> <span class='ocrx_word' id='word_1_363' title='bbox 1371 1978 1436 2020; x_wconf 88' lang='lat' dir='ltr'>suo</span> <span class='ocrx_word' id='word_1_364' title='bbox 1455 1993 1533 2020; x_wconf 89' lang='lat' dir='ltr'>non</span> <span class='ocrx_word' id='word_1_365' title='bbox 1547 1979 1702 2019; x_wconf 88' lang='lat' dir='ltr'>minimo</span> <span class='ocrx_word' id='word_1_366' title='bbox 1713 1977 1913 2030; x_wconf 84' lang='lat' dir='ltr'>permittit</span> <span class='ocrx_word' id='word_1_367' title='bbox 1928 1974 2037 2014; x_wconf 89' lang='lat' dir='ltr'>domi</span> 
     </span>
    </p>

    <p class='ocr_par' dir='ltr' id='par_1_5' title="bbox 427 2026 2064 2546">
     <span class='ocr_line' id='line_1_35' title="bbox 428 2026 2064 2091; baseline -0.004 -13"><span class='ocrx_word' id='word_1_368' title='bbox 428 2036 499 2079; x_wconf 78' lang='lat' dir='ltr'>suae</span> <span class='ocrx_word' id='word_1_369' title='bbox 514 2046 601 2077; x_wconf 88' lang='lat' dir='ltr'>nata</span> <span class='ocrx_word' id='word_1_370' title='bbox 628 2035 774 2081; x_wconf 86' lang='lat' dir='ltr'>efferri,</span> <span class='ocrx_word' id='word_1_371' title='bbox 797 2045 839 2075; x_wconf 90' lang='lat' dir='ltr'>vt</span> <span class='ocrx_word' id='word_1_372' title='bbox 862 2037 1006 2075; x_wconf 87' lang='lat' dir='ltr'>maiore</span> <span class='ocrx_word' id='word_1_373' title='bbox 1032 2036 1174 2076; x_wconf 83' lang='lat' dir='ltr'>exinde</span> <span class='ocrx_word' id='word_1_374' title='bbox 1186 2040 1317 2091; x_wconf 90' lang='lat' dir='ltr'>pretio</span> <span class='ocrx_word' id='word_1_375' title='bbox 1330 2036 1510 2077; x_wconf 84' lang='lat' dir='ltr'>reuehat.</span> <span class='ocrx_word' id='word_1_376' title='bbox 1541 2030 1792 2088; x_wconf 89' lang='lat' dir='ltr'>Poteratipsa</span> <span class='ocrx_word' id='word_1_377' title='bbox 1807 2029 1986 2086; x_wconf 85' lang='lat' dir='ltr'>Hispania</span> <span class='ocrx_word' id='word_1_378' title='bbox 2001 2026 2064 2071; x_wconf 67' lang='lat' dir='ltr'>se‘</span> 
     </span>
     <span class='ocr_line' id='line_1_36' title="bbox 427 2088 2044 2149; baseline -0.003 -15"><span class='ocrx_word' id='word_1_379' title='bbox 427 2092 623 2149; x_wconf 86' lang='lat' dir='ltr'>metipsam</span> <span class='ocrx_word' id='word_1_380' title='bbox 640 2091 752 2134; x_wconf 89' lang='lat' dir='ltr'>serici</span> <span class='ocrx_word' id='word_1_381' title='bbox 769 2092 811 2131; x_wconf 63' lang='grc' dir='ltr'>ὃς</span> <span class='ocrx_word' id='word_1_382' title='bbox 835 2094 954 2146; x_wconf 89' lang='lat' dir='ltr'>panni</span> <span class='ocrx_word' id='word_1_383' title='bbox 967 2091 1187 2132; x_wconf 87' lang='lat' dir='ltr'>textoribus</span> <span class='ocrx_word' id='word_1_384' title='bbox 1199 2092 1342 2137; x_wconf 86' lang='lat' dir='ltr'>ditare,</span> <span class='ocrx_word' id='word_1_385' title='bbox 1363 2095 1384 2133; x_wconf 83' lang='grc' dir='ltr'>ὲ</span> <span class='ocrx_word' id='word_1_386' title='bbox 1405 2093 1544 2148; x_wconf 90' lang='lat' dir='ltr'>quibus</span> <span class='ocrx_word' id='word_1_387' title='bbox 1559 2093 1660 2147; x_wconf 87' lang='lat' dir='ltr'>regia</span> <span class='ocrx_word' id='word_1_388' title='bbox 1673 2088 1899 2132; x_wconf 87' lang='lat' dir='ltr'>crescerent</span> <span class='ocrx_word' id='word_1_389' title='bbox 1913 2089 2044 2129; x_wconf 31' lang='lat' dir='ltr'>vesti-1</span> 
     </span>
     <span class='ocr_line' id='line_1_37' title="bbox 429 2145 2040 2207; baseline -0.004 -16"><span class='ocrx_word' id='word_1_390' title='bbox 429 2150 527 2207; x_wconf 86' lang='lat' dir='ltr'>galia</span> <span class='ocrx_word' id='word_1_391' title='bbox 542 2174 552 2193; x_wconf 76' lang='lat'><em>2</em></span> <span class='ocrx_word' id='word_1_392' title='bbox 567 2164 639 2191; x_wconf 90' lang='lat' dir='ltr'>nec</span> <span class='ocrx_word' id='word_1_393' title='bbox 655 2161 763 2190; x_wconf 87' lang='lat' dir='ltr'>tanta</span> <span class='ocrx_word' id='word_1_394' title='bbox 774 2148 1012 2203; x_wconf 86' lang='lat' dir='ltr'>Populorum</span> <span class='ocrx_word' id='word_1_395' title='bbox 1027 2146 1199 2190; x_wconf 85' lang='lat' dir='ltr'>solitudo</span> <span class='ocrx_word' id='word_1_396' title='bbox 1218 2164 1374 2205; x_wconf 86' lang='lat' dir='ltr'>regnum</span> <span class='ocrx_word' id='word_1_397' title='bbox 1392 2160 1544 2191; x_wconf 86' lang='lat' dir='ltr'>teneret</span> <span class='ocrx_word' id='word_1_398' title='bbox 1561 2164 1570 2189; x_wconf 87' lang='lat'>:</span> <span class='ocrx_word' id='word_1_399' title='bbox 1595 2158 1753 2203; x_wconf 83' lang='lat' dir='ltr'>poterat</span> <span class='ocrx_word' id='word_1_400' title='bbox 1769 2145 1913 2186; x_wconf 89' lang='lat' dir='ltr'>deinde</span> <span class='ocrx_word' id='word_1_401' title='bbox 1930 2145 2040 2186; x_wconf 74' lang='lat' dir='ltr'>domi</span> 
     </span>
     <span class='ocr_line' id='line_1_38' title="bbox 431 2202 2040 2262; baseline -0.005 -12"><span class='ocrx_word' id='word_1_402' title='bbox 431 2209 503 2250; x_wconf 75' lang='lat' dir='ltr'>suae</span> <span class='ocrx_word' id='word_1_403' title='bbox 518 2217 653 2262; x_wconf 88' lang='lat' dir='ltr'>parata</span> <span class='ocrx_word' id='word_1_404' title='bbox 665 2208 714 2246; x_wconf 88' lang='lat' dir='ltr'>ad</span> <span class='ocrx_word' id='word_1_405' title='bbox 731 2206 800 2246; x_wconf 89' lang='lat' dir='ltr'>alia</span> <span class='ocrx_word' id='word_1_406' title='bbox 812 2219 929 2259; x_wconf 89' lang='lat' dir='ltr'>regna</span> <span class='ocrx_word' id='word_1_407' title='bbox 943 2203 1190 2248; x_wconf 73' lang='lat' dir='ltr'>submittere,</span> <span class='ocrx_word' id='word_1_408' title='bbox 1216 2207 1259 2246; x_wconf 74' lang='grc' dir='ltr'>ἃ</span> <span class='ocrx_word' id='word_1_409' title='bbox 1282 2208 1388 2247; x_wconf 87' lang='lat' dir='ltr'>vario</span> <span class='ocrx_word' id='word_1_410' title='bbox 1413 2206 1522 2248; x_wconf 87' lang='lat' dir='ltr'>lucro</span> <span class='ocrx_word' id='word_1_411' title='bbox 1535 2219 1690 2261; x_wconf 87' lang='lat' dir='ltr'>regnum</span> <span class='ocrx_word' id='word_1_412' title='bbox 1707 2203 1810 2245; x_wconf 87' lang='lat' dir='ltr'>suum</span> <span class='ocrx_word' id='word_1_413' title='bbox 1826 2202 2040 2243; x_wconf 81' lang='lat' dir='ltr'>cumulare:</span> 
     </span>
     <span class='ocr_line' id='line_1_39' title="bbox 430 2258 2040 2315; baseline -0.002 -10"><span class='ocrx_word' id='word_1_414' title='bbox 430 2278 537 2305; x_wconf 82' lang='lat' dir='ltr'>nunc</span> <span class='ocrx_word' id='word_1_415' title='bbox 548 2263 845 2304; x_wconf 85' lang='lat' dir='ltr'>foecunditatem</span> <span class='ocrx_word' id='word_1_416' title='bbox 860 2284 871 2304; x_wconf 72' lang='lat'><em>2</em></span> <span class='ocrx_word' id='word_1_417' title='bbox 882 2259 1188 2315; x_wconf 86' lang='lat' dir='ltr'>felicitatemque</span> <span class='ocrx_word' id='word_1_418' title='bbox 1199 2260 1298 2303; x_wconf 88' lang='lat' dir='ltr'>suam</span> <span class='ocrx_word' id='word_1_419' title='bbox 1311 2263 1414 2304; x_wconf 91' lang='lat' dir='ltr'>vltro</span> <span class='ocrx_word' id='word_1_420' title='bbox 1428 2264 1565 2315; x_wconf 68' lang='lat' dir='ltr'>abiicit</span> <span class='ocrx_word' id='word_1_421' title='bbox 1575 2293 1584 2307; x_wconf 92' lang='lat'><strong>,</strong></span> <span class='ocrx_word' id='word_1_422' title='bbox 1601 2261 1853 2314; x_wconf 88' lang='lat' dir='ltr'>&#39;crudamque</span> <span class='ocrx_word' id='word_1_423' title='bbox 1869 2258 2015 2315; x_wconf 77' lang='lat' dir='ltr'>byss‘um</span> <span class='ocrx_word' id='word_1_424' title='bbox 2025 2280 2040 2301; x_wconf 78' lang='lat'><strong>›</strong></span> 
     </span>
     <span class='ocr_line' id='line_1_40' title="bbox 432 2313 2039 2374; baseline -0.004 -13"><span class='ocrx_word' id='word_1_425' title='bbox 432 2320 688 2374; x_wconf 83' lang='lat' dir='ltr'>nobilemque</span> <span class='ocrx_word' id='word_1_426' title='bbox 704 2319 828 2359; x_wconf 90' lang='lat' dir='ltr'>lanam</span> <span class='ocrx_word' id='word_1_427' title='bbox 843 2317 1001 2359; x_wconf 87' lang='lat' dir='ltr'>aliorum</span> <span class='ocrx_word' id='word_1_428' title='bbox 1018 2320 1197 2358; x_wconf 84' lang='lat' dir='ltr'>textrinis</span> <span class='ocrx_word' id='word_1_429' title='bbox 1212 2318 1464 2360; x_wconf 87' lang='lat' dir='ltr'>diuidendam</span> <span class='ocrx_word' id='word_1_430' title='bbox 1481 2322 1624 2359; x_wconf 87' lang='lat' dir='ltr'>emittit</span> <span class='ocrx_word' id='word_1_431' title='bbox 1636 2346 1646 2361; x_wconf 91' lang='lat'><strong>,</strong></span> <span class='ocrx_word' id='word_1_432' title='bbox 1666 2318 1710 2357; x_wconf 86' lang='lat'>&amp;</span> <span class='ocrx_word' id='word_1_433' title='bbox 1729 2316 1947 2356; x_wconf 86' lang='lat' dir='ltr'>commodis</span> <span class='ocrx_word' id='word_1_434' title='bbox 1962 2313 2039 2359; x_wconf 62' lang='lat' dir='ltr'>se„</span> 
     </span>
     <span class='ocr_line' id='line_1_41' title="bbox 433 2370 2037 2433; baseline -0.004 -15"><span class='ocrx_word' id='word_1_435' title='bbox 433 2376 654 2433; x_wconf 85' lang='lat' dir='ltr'>opibusque</span> <span class='ocrx_word' id='word_1_436' title='bbox 664 2404 673 2420; x_wconf 92' lang='lat'>‚</span> <span class='ocrx_word' id='word_1_437' title='bbox 688 2389 782 2430; x_wconf 86' lang='lat' dir='ltr'>quas</span> <span class='ocrx_word' id='word_1_438' title='bbox 794 2375 958 2429; x_wconf 85' lang='lat' dir='ltr'>benigna</span> <span class='ocrx_word' id='word_1_439' title='bbox 970 2373 1099 2414; x_wconf 86' lang='lat' dir='ltr'>fundit</span> <span class='ocrx_word' id='word_1_440' title='bbox 1112 2373 1223 2415; x_wconf 88' lang='lat' dir='ltr'>tellus</span> <span class='ocrx_word' id='word_1_441' title='bbox 1238 2398 1249 2417; x_wconf 67' lang='lat'>⁷</span> <span class='ocrx_word' id='word_1_442' title='bbox 1265 2377 1411 2417; x_wconf 60' lang='lat' dir='ltr'>nudam</span> <span class='ocrx_word' id='word_1_443' title='bbox 1427 2387 1467 2415; x_wconf 88' lang='lat' dir='ltr'>vt</span> <span class='ocrx_word' id='word_1_444' title='bbox 1484 2376 1577 2416; x_wconf 90' lang='lat' dir='ltr'>alios</span> <span class='ocrx_word' id='word_1_445' title='bbox 1588 2377 1701 2413; x_wconf 88' lang='lat' dir='ltr'>etiam</span> <span class='ocrx_word' id='word_1_446' title='bbox 1713 2371 1844 2412; x_wconf 85' lang='lat' dir='ltr'>hostes</span> <span class='ocrx_word' id='word_1_447' title='bbox 1856 2370 2037 2426; x_wconf 84' lang='lat' dir='ltr'>locuple-</span> 
     </span>
     <span class='ocr_line' id='line_1_42' title="bbox 435 2427 2037 2486; baseline -0.004 -10"><span class='ocrx_word' id='word_1_448' title='bbox 435 2445 497 2476; x_wconf 86' lang='lat' dir='ltr'>tet</span> <span class='ocrx_word' id='word_1_449' title='bbox 511 2466 520 2475; x_wconf 92' lang='lat'><strong>.</strong></span> <span class='ocrx_word' id='word_1_450' title='bbox 538 2432 724 2473; x_wconf 89' lang='lat' dir='ltr'>Miserum</span> <span class='ocrx_word' id='word_1_451' title='bbox 736 2429 822 2472; x_wconf 69' lang='lat' dir='ltr'>sane</span> <span class='ocrx_word' id='word_1_452' title='bbox 836 2454 848 2475; x_wconf 81' lang='lat'>‚</span> <span class='ocrx_word' id='word_1_453' title='bbox 868 2432 910 2472; x_wconf 71' lang='grc' dir='ltr'>ὃ(</span> <span class='ocrx_word' id='word_1_454' title='bbox 925 2430 1110 2472; x_wconf 86' lang='lat' dir='ltr'>fatuitatis</span> <span class='ocrx_word' id='word_1_455' title='bbox 1122 2431 1322 2485; x_wconf 88' lang='lat' dir='ltr'>quoddam</span> <span class='ocrx_word' id='word_1_456' title='bbox 1340 2445 1457 2486; x_wconf 87' lang='lat' dir='ltr'>genus</span> <span class='ocrx_word' id='word_1_457' title='bbox 1473 2441 1511 2472; x_wconf 88' lang='lat' dir='ltr'>te</span> <span class='ocrx_word' id='word_1_458' title='bbox 1524 2430 1671 2471; x_wconf 87' lang='lat' dir='ltr'>nudare</span> <span class='ocrx_word' id='word_1_459' title='bbox 1684 2459 1694 2474; x_wconf 90' lang='lat'><strong>,</strong></span> <span class='ocrx_word' id='word_1_460' title='bbox 1707 2440 1746 2470; x_wconf 87' lang='lat' dir='ltr'>vt</span> <span class='ocrx_word' id='word_1_461' title='bbox 1759 2427 1870 2469; x_wconf 85' lang='lat' dir='ltr'>alium</span> <span class='ocrx_word' id='word_1_462' title='bbox 1881 2428 2015 2479; x_wconf 72' lang='lat' dir='ltr'>vestias</span> <span class='ocrx_word' id='word_1_463' title='bbox 2027 2458 2037 2469; x_wconf 85' lang='lat'><strong><em>.</em></strong></span> 
     </span>
     <span class='ocr_line' id='line_1_43' title="bbox 438 2485 2035 2546; baseline -0.005 -14"><span class='ocrx_word' id='word_1_464' title='bbox 438 2492 514 2533; x_wconf 84' lang='lat' dir='ltr'>Sed</span> <span class='ocrx_word' id='word_1_465' title='bbox 532 2499 723 2546; x_wconf 86' lang='lat' dir='ltr'>quatenus</span> <span class='ocrx_word' id='word_1_466' title='bbox 735 2488 863 2529; x_wconf 78' lang='lat' dir='ltr'>desint</span> <span class='ocrx_word' id='word_1_467' title='bbox 874 2517 884 2533; x_wconf 92' lang='lat'><strong>,</strong></span> <span class='ocrx_word' id='word_1_468' title='bbox 897 2487 1037 2542; x_wconf 89' lang='lat' dir='ltr'>quibus</span> <span class='ocrx_word' id='word_1_469' title='bbox 1049 2488 1185 2528; x_wconf 88' lang='lat' dir='ltr'>textile</span> <span class='ocrx_word' id='word_1_470' title='bbox 1196 2487 1291 2528; x_wconf 89' lang='lat' dir='ltr'>illud</span> <span class='ocrx_word' id='word_1_471' title='bbox 1306 2488 1620 2543; x_wconf 84' lang='lat' dir='ltr'>opus⁸credatur:</span> <span class='ocrx_word' id='word_1_472' title='bbox 1649 2500 1728 2526; x_wconf 86' lang='lat' dir='ltr'>non</span> <span class='ocrx_word' id='word_1_473' title='bbox 1747 2485 1874 2526; x_wconf 82' lang='lat' dir='ltr'>defint</span> <span class='ocrx_word' id='word_1_474' title='bbox 1885 2495 2035 2526; x_wconf 84' lang='lat' dir='ltr'>tamen..</span> 
     </span>
    </p>

    <p class='ocr_par' dir='ltr' id='par_1_6' title="bbox 396 2542 2079 2658">
     <span class='ocr_line' id='line_1_44' title="bbox 396 2542 2079 2601; baseline -0.005 -12"><span class='ocrx_word' id='word_1_475' title='bbox 396 2543 400 2547; x_wconf 50' lang='lat'>¹</span> <span class='ocrx_word' id='word_1_476' title='bbox 437 2547 579 2590; x_wconf 85' lang='lat' dir='ltr'>artifici</span> <span class='ocrx_word' id='word_1_477' title='bbox 593 2545 654 2588; x_wconf 88' lang='lat' dir='ltr'>sua</span> <span class='ocrx_word' id='word_1_478' title='bbox 672 2548 827 2601; x_wconf 70' lang='lat' dir='ltr'>praemia</span> <span class='ocrx_word' id='word_1_479' title='bbox 842 2546 883 2585; x_wconf 67' lang='grc' dir='ltr'>ὅ(</span> <span class='ocrx_word' id='word_1_480' title='bbox 895 2543 1072 2600; x_wconf 83' lang='lat' dir='ltr'>quaedam</span> <span class='ocrx_word' id='word_1_481' title='bbox 1084 2547 1200 2585; x_wconf 90' lang='lat' dir='ltr'>etiam</span> <span class='ocrx_word' id='word_1_482' title='bbox 1219 2558 1297 2586; x_wconf 91' lang='lat' dir='ltr'>non</span> <span class='ocrx_word' id='word_1_483' title='bbox 1312 2549 1441 2586; x_wconf 79' lang='lat' dir='ltr'>noxiae</span> <span class='ocrx_word' id='word_1_484' title='bbox 1453 2559 1574 2600; x_wconf 86' lang='lat' dir='ltr'>regno</span> <span class='ocrx_word' id='word_1_485' title='bbox 1591 2545 1870 2587; x_wconf 88' lang='lat' dir='ltr'>immunitates,</span> <span class='ocrx_word' id='word_1_486' title='bbox 1897 2543 1940 2582; x_wconf 83' lang='lat'>&amp;</span> <span class='ocrx_word' id='word_1_487' title='bbox 1957 2554 2038 2581; x_wconf 86' lang='lat' dir='ltr'>non</span> <span class='ocrx_word' id='word_1_488' title='bbox 2075 2542 2079 2547; x_wconf 83' lang='grc'><em>“</em></span> 
     </span>
     <span class='ocr_line' id='line_1_45' title="bbox 436 2597 2040 2658; baseline -0.004 -13"><span class='ocrx_word' id='word_1_489' title='bbox 436 2606 603 2645; x_wconf 84' lang='lat' dir='ltr'>deerunt</span> <span class='ocrx_word' id='word_1_490' title='bbox 613 2605 717 2644; x_wconf 90' lang='lat' dir='ltr'>vltro</span> <span class='ocrx_word' id='word_1_491' title='bbox 731 2616 893 2658; x_wconf 89' lang='lat' dir='ltr'>operam</span> <span class='ocrx_word' id='word_1_492' title='bbox 907 2602 1006 2642; x_wconf 86' lang='lat' dir='ltr'>suam</span> <span class='ocrx_word' id='word_1_493' title='bbox 1020 2599 1280 2657; x_wconf 84' lang='lat' dir='ltr'>spondentes.</span> <span class='ocrx_word' id='word_1_494' title='bbox 1304 2602 1429 2654; x_wconf 76' lang='lat' dir='ltr'>Quod</span> <span class='ocrx_word' id='word_1_495' title='bbox 1444 2601 1493 2642; x_wconf 90' lang='lat' dir='ltr'>de</span> <span class='ocrx_word' id='word_1_496' title='bbox 1525 2600 1713 2657; x_wconf 85' lang='lat' dir='ltr'>Hispania</span> <span class='ocrx_word' id='word_1_497' title='bbox 1736 2600 1830 2641; x_wconf 90' lang='lat' dir='ltr'>dico</span> <span class='ocrx_word' id='word_1_498' title='bbox 1848 2620 1859 2642; x_wconf 72' lang='lat'>2</span> <span class='ocrx_word' id='word_1_499' title='bbox 1881 2597 1930 2638; x_wconf 89' lang='lat' dir='ltr'>de</span> <span class='ocrx_word' id='word_1_500' title='bbox 1952 2597 2040 2640; x_wconf 81' lang='lat' dir='ltr'>reli·</span> 
     </span>
    </p>

    <p class='ocr_par' dir='ltr' id='par_1_7' title="bbox 450 2643 2120 2717">
     <span class='ocr_line' id='line_1_46' title="bbox 450 2643 2120 2717; baseline -0.002 -16"><span class='ocrx_word' id='word_1_501' title='bbox 450 2663 535 2715; x_wconf 83' lang='lat' dir='ltr'>quis</span> <span class='ocrx_word' id='word_1_502' title='bbox 550 2664 673 2717; x_wconf 80' lang='lat' dir='ltr'>regnis</span> <span class='ocrx_word' id='word_1_503' title='bbox 687 2659 879 2715; x_wconf 89' lang='lat' dir='ltr'>intelligo.</span> <span class='ocrx_word' id='word_1_504' title='bbox 909 2660 1018 2701; x_wconf 86' lang='lat' dir='ltr'>Idem</span> <span class='ocrx_word' id='word_1_505' title='bbox 1031 2661 1200 2700; x_wconf 90' lang='lat' dir='ltr'>omnium</span> <span class='ocrx_word' id='word_1_506' title='bbox 1213 2659 1399 2701; x_wconf 89' lang='lat' dir='ltr'>iudicium</span> <span class='ocrx_word' id='word_1_507' title='bbox 1413 2659 1493 2701; x_wconf 86' lang='lat' dir='ltr'>esto</span> <span class='ocrx_word' id='word_1_508' title='bbox 1505 2690 1514 2699; x_wconf 86' lang='lat'><strong>.</strong></span> <span class='ocrx_word' id='word_1_509' title='bbox 1686 2689 1689 2691; x_wconf 27' lang='lat' dir='ltr'>v</span> <span class='ocrx_word' id='word_1_510' title='bbox 2067 2643 2120 2695; x_wconf 89' lang='lat' dir='ltr'>D</span> 
     </span>
    </p>
   </div>
   <div class='ocr_carea' id='block_1_3' title="bbox 478 2773 1983 2882">
    <p class='ocr_par' dir='ltr' id='par_1_8' title="bbox 478 2773 1983 2882">
     <span class='ocr_line' id='line_1_47' title="bbox 478 2773 1983 2882; baseline 0.001 -32"><span class='ocrx_word' id='word_1_511' title='bbox 478 2773 803 2873; x_wconf 85' lang='lat' dir='ltr'>Qualiter</span> <span class='ocrx_word' id='word_1_512' title='bbox 829 2776 1155 2855; x_wconf 83' lang='lat' dir='ltr'>Romani</span> <span class='ocrx_word' id='word_1_513' title='bbox 1175 2776 1266 2854; x_wconf 84' lang='lat' dir='ltr'>ad</span> <span class='ocrx_word' id='word_1_514' title='bbox 1281 2773 1589 2853; x_wconf 82' lang='lat' dir='ltr'>honores</span> <span class='ocrx_word' id='word_1_515' title='bbox 1613 2774 1934 2882; x_wconf 85' lang='lat' dir='ltr'>promoti</span> <span class='ocrx_word' id='word_1_516' title='bbox 1957 2793 1983 2880; x_wconf 67' lang='lat'>³.</span> 
     </span>
    </p>
   </div>
   <div class='ocr_carea' id='block_1_4' title="bbox 900 2886 1572 2998">
    <p class='ocr_par' dir='ltr' id='par_1_9' title="bbox 900 2886 1572 2998">
     <span class='ocr_line' id='line_1_48' title="bbox 900 2886 1572 2998; baseline 0.016 -34"><span class='ocrx_word' id='word_1_517' title='bbox 900 2886 1100 2998; x_wconf 72' lang='lat' dir='ltr'>cap,</span> <span class='ocrx_word' id='word_1_518' title='bbox 1163 2886 1572 2975; x_wconf 73' lang='lat' dir='ltr'>xxvili.</span> 
     </span>
    </p>
   </div>
   <div class='ocr_carea' id='block_1_5' title="bbox 434 3051 2044 3266">
    <p class='ocr_par' dir='ltr' id='par_1_10' title="bbox 437 3051 2037 3165">
     <span class='ocr_line' id='line_1_49' title="bbox 437 3051 2037 3165; baseline -0.002 -68"><span class='ocrx_word' id='word_1_519' title='bbox 437 3057 553 3165; x_wconf 75' lang='lat' dir='ltr'>Q</span> <span class='ocrx_word' id='word_1_520' title='bbox 576 3058 744 3101; x_wconf 83' lang='lat' dir='ltr'>Voniam</span> <span class='ocrx_word' id='word_1_521' title='bbox 761 3059 927 3099; x_wconf 85' lang='lat' dir='ltr'>Veteres</span> <span class='ocrx_word' id='word_1_522' title='bbox 952 3055 1120 3097; x_wconf 85' lang='lat' dir='ltr'>Romani</span> <span class='ocrx_word' id='word_1_523' title='bbox 1146 3059 1182 3097; x_wconf 90' lang='lat' dir='ltr'>in</span> <span class='ocrx_word' id='word_1_524' title='bbox 1204 3058 1467 3112; x_wconf 86' lang='lat' dir='ltr'>praemiatione</span> <span class='ocrx_word' id='word_1_525' title='bbox 1486 3054 1597 3098; x_wconf 84' lang='lat' dir='ltr'>solius</span> <span class='ocrx_word' id='word_1_526' title='bbox 1623 3056 1752 3112; x_wconf 68' lang='lat' dir='ltr'>prope</span> <span class='ocrx_word' id='word_1_527' title='bbox 1775 3052 1924 3108; x_wconf 88' lang='lat' dir='ltr'>semper</span> <span class='ocrx_word' id='word_1_528' title='bbox 1943 3051 2037 3094; x_wconf 83' lang='lat' dir='ltr'>Vir-</span> 
     </span>
    </p>

    <p class='ocr_par' dir='ltr' id='par_1_11' title="bbox 557 3111 2039 3165">
     <span class='ocr_line' id='line_1_50' title="bbox 557 3111 2039 3165; baseline -0.003 -11"><span class='ocrx_word' id='word_1_529' title='bbox 557 3138 566 3147; x_wconf 55' lang='lat' dir='ltr'>x</span> <span class='ocrx_word' id='word_1_530' title='bbox 593 3117 687 3154; x_wconf 84' lang='lat' dir='ltr'>tutis</span> <span class='ocrx_word' id='word_1_531' title='bbox 713 3114 902 3154; x_wconf 81' lang='lat' dir='ltr'>rationem</span> <span class='ocrx_word' id='word_1_532' title='bbox 924 3111 1146 3158; x_wconf 82' lang='lat' dir='ltr'>habebant3</span> <span class='ocrx_word' id='word_1_533' title='bbox 1170 3125 1210 3154; x_wconf 90' lang='lat' dir='ltr'>vt</span> <span class='ocrx_word' id='word_1_534' title='bbox 1231 3115 1261 3154; x_wconf 89' lang='lat' dir='ltr'>is</span> <span class='ocrx_word' id='word_1_535' title='bbox 1276 3113 1349 3154; x_wconf 86' lang='lat' dir='ltr'>illis</span> <span class='ocrx_word' id='word_1_536' title='bbox 1372 3116 1514 3160; x_wconf 86' lang='lat' dir='ltr'>maior,</span> <span class='ocrx_word' id='word_1_537' title='bbox 1546 3114 1622 3156; x_wconf 89' lang='lat' dir='ltr'>illis</span> <span class='ocrx_word' id='word_1_538' title='bbox 1651 3117 1805 3156; x_wconf 87' lang='lat' dir='ltr'>carior,</span> <span class='ocrx_word' id='word_1_539' title='bbox 1832 3112 1900 3165; x_wconf 86' lang='lat' dir='ltr'>qui</span> <span class='ocrx_word' id='word_1_540' title='bbox 1918 3113 2039 3150; x_wconf 80' lang='lat' dir='ltr'>virtu-</span> 
     </span>
    </p>

    <p class='ocr_par' dir='ltr' id='par_1_12' title="bbox 434 3165 2044 3266">
     <span class='ocr_line' id='line_1_51' title="bbox 434 3165 2044 3227; baseline -0.004 -15"><span class='ocrx_word' id='word_1_541' title='bbox 434 3181 473 3212; x_wconf 86' lang='lat' dir='ltr'>te</span> <span class='ocrx_word' id='word_1_542' title='bbox 487 3170 731 3227; x_wconf 67' lang='lat' dir='ltr'>praestantior</span> <span class='ocrx_word' id='word_1_543' title='bbox 750 3170 868 3216; x_wconf 62' lang='lat' dir='ltr'>essen</span> <span class='ocrx_word' id='word_1_544' title='bbox 891 3169 992 3212; x_wconf 85' lang='lat' dir='ltr'>nulla</span> <span class='ocrx_word' id='word_1_545' title='bbox 1019 3169 1074 3211; x_wconf 87' lang='lat' dir='ltr'>ibi</span> <span class='ocrx_word' id='word_1_546' title='bbox 1096 3169 1314 3213; x_wconf 85' lang='lat' dir='ltr'>discrimina</span> <span class='ocrx_word' id='word_1_547' title='bbox 1331 3172 1555 3219; x_wconf 86' lang='lat' dir='ltr'>nationum,</span> <span class='ocrx_word' id='word_1_548' title='bbox 1582 3167 1908 3225; x_wconf 79' lang='lat' dir='ltr'>nullasanguinis,</span> <span class='ocrx_word' id='word_1_549' title='bbox 1932 3165 2044 3207; x_wconf 86' lang='lat' dir='ltr'>solius</span> 
     </span>
     <span class='ocr_line' id='line_1_52' title="bbox 1856 3237 1978 3266; baseline 0 -1"><span class='ocrx_word' id='word_1_550' title='bbox 1856 3237 1978 3266; x_wconf 63' lang='lat' dir='ltr'>virtu*</span> 
     </span>
    </p>
   </div>
   <div class='ocr_carea' id='block_1_6' title="bbox 1000 3377 1045 3423">
    <p class='ocr_par' dir='ltr' id='par_1_13' title="bbox 1000 3377 1045 3423">
     <span class='ocr_line' id='line_1_53' title="bbox 1000 3377 1045 3423; baseline 0 -2"><span class='ocrx_word' id='word_1_551' title='bbox 1000 3377 1045 3423; x_wconf 68' lang='lat' dir='ltr'>Ge</span> 
     </span>
    </p>
   </div>
  </div>
 </body>
</html>
