2206 3480
303 97 420 156 DE
473 96 1016 153 coLvMNis
1067 97 1167 149 IN
1220 96 1492 150 VRBE.
1657 118 1722 164 45

112 202 223 246 fania,
235 201 279 243 &
290 197 448 251 artificii
462 197 671 240 nobilitate
682 196 918 244 claris-limas:
933 196 1073 254 quibus
1085 196 1176 243 nihil
1192 211 1360 255 vnquam
1373 199 1501 240 Roma
1515 198 1590 241 ¹nec
1605 202 1727 244 admi-

114 260 268 302 rabilius
278 287 289 304 ,
305 271 433 313 neque
450 255 762 311 magnificentius
773 259 901 297 erexit
912 285 922 301 ,
936 253 1228 297 Traianividelic
1236 267 1292 301 et,
1309 266 1428 312 atque
1438 260 1636 301 Antonini
1653 263 1726 301 Im-

111 328 344 375 peratorum
355 314 553 356 columnas
564 312 644 353 illas
653 316 768 354 etiam
780 312 901 354 hodie
915 314 1109 356 videmus.
1124 318 1163 355 in
1178 327 1340 366 quarum
1355 314 1574 357 verticibus
1589 330 1725 371 quam-

110 380 168 418 uis
178 373 268 416 olim
280 374 408 414 Roma
430 369 655 412 eorumdem
678 374 967 424 Imperatorum
995 369 1213 412 collocatas
1236 384 1489 413 veneraretur
1515 374 1723 428 imagines;

113 435 215 474 Sixti
227 442 352 473 tamen
365 429 506 479 Quinti
523 428 635 468 Pont.
651 426 762 468 Max.
778 428 921 468 eximia
934 430 1073 480 pietas,
1089 440 1154 467 eas
1169 427 1443 482 digniorifecit
1456 431 1637 485 pondere
1650 447 1724 472 no-

114 490 299 537 biliores:
323 489 475 544 quippe
498 487 564 540 qui
589 485 830 526 Antoninam
859 485 910 526 D.
923 483 1056 529 Pauli;
1083 482 1288 531 Traianam
1305 500 1398 527 vero
1418 487 1467 527 D.
1482 489 1588 530 Petri
1608 486 1721 531 sacris

111 544 340 602 imaginibus
356 541 586 584 decorauit.

172 604 292 645 Hanc
306 599 586 660 igiturTraiani
601 598 819 641 columnam
834 596 1089 654 descripserat
1099 598 1192 640 olim
1213 597 1332 641 Iulius
1359 601 1560 645 Romanus
1586 605 1720 659 pistor
1745 605 1975 639 Trataenicoc’umn

109 663 299 718 egregius,
316 658 570 712 eamdemque
582 654 886 712 descriptionem
903 654 1166 711 inde2secutus
1188 657 1390 698 Mucianus
1406 686 1418 703 ,
1436 658 1599 702 Alfonso
1625 665 1718 703 Cia·
1743 656 1816 675 ⁷'‘¹‘''

108 733 217 760 cono
227 713 479 758 eruditiffimo
493 720 578 756 viro
590 715 686 756 viam
698 718 850 770 aperuit
864 715 913 756 ad
929 728 973 754 ea
984 714 1363 769 exponendassatine
1375 715 1425 757 ab
1436 715 1526 771 ipsis
1543 716 1720 759 historia-

109 790 193 820 rum
205 772 513 832 penetrabilibus
523 802 534 817 ‚
546 784 666 827 atque
677 774 922 828 antiquitatis
936 771 1145 814 visceribus
1159 795 1170 815 ‚
1193 786 1282 827 quae
1297 775 1335 813 in
1350 787 1473 828 opere
1484 784 1559 814 tarn
1582 773 1693 829 spiffo
1707 799 1717 817 ‚

110 834 273 875 &vario
284 834 566 876 continentur:
592 829 744 871 demum
767 828 989 875 Franciscus
1018 829 1233 874 Villamena
1258 829 1414 884 insignis
1431 831 1618 877 excussor
1640 832 1721 873 eas-

108 892 197 932 dem
208 889 357 932 tabulas
369 887 568 943 depositas
582 889 655 927 iam
669 917 680 932 ‚
694 887 863 944 &plane
877 886 1050 929 deiectas
1062 888 1111 928 ad
1125 900 1370 931 communem
1386 891 1557 931 omnium
1571 890 1720 930 vtilita-

107 959 206 992 tem.
222 961 301 987 non
311 957 388 991 tam
406 945 627 988 abinteritu
642 946 859 987 vindicauit
873 972 885 992 ,
912 959 1026 1001 quam
1047 945 1087 985 in
1103 944 1230 986 lucem
1248 948 1434 987 euocauit
1453 976 1461 986 .
1491 946 1533 986 In
1565 948 1612 997 ijs
1637 957 1720 988 ete-

106 1008 183 1049 nim
196 1018 328 1049 omnes
340 1004 502 1045 omnino
516 1003 785 1048 Romanorum
809 1017 936 1044 mores
950 1031 960 1046 ‚
991 1002 1149 1047 militum
1171 1000 1363 1044 fortitudo
1391 1017 1437 1043 ac
1461 1001 1721 1059 disciplina...

43 1074 82 1123 Β
107 1066 395 1120 Imperatorum
405 1061 596 1105 vistoriae‚
625 1060 882 1102 Sacerdotium
898 1060 1051 1116 religio,
1074 1065 1179 1104 varia
1190 1063 1441 1115 pugnantium
1453 1060 1619 1116 genera,
1638 1058 1717 1102 Vr-

107 1120 211 1162 bium
226 1122 542 1176 oppugnationes
554 1148 566 1164 ‚
589 1131 692 1175 expu
724 1116 972 1174 nationesque
984 1148 995 1163 ,
1018 1121 1145 1160 omnia
1170 1118 1340 1174 denique
1364 1118 1507 1160 militiae
1536 1131 1717 1166 munera..

105 1175 535 1231 reperiunturexpreffa
548 1207 558 1222 ,
581 1176 657 1215 Sed
678 1133 721 1216 ἐ
743 1175 845 1217 hanc
863 1175 1082 1217 columnam
1099 1185 1204 1217 tanta
1217 1174 1377 1227 artificii
1393 1176 1613 1231 praestantia
1625 1189 1718 1232 per-

105 1233 243 1276 festam
256 1263 267 1278 ,
289 1232 442 1289 eiusque
452 1232 736 1289 pulcherrimas
750 1233 840 1274 olim
853 1236 1035 1288 imagines
1047 1263 1058 1278 ,
1083 1247 1161 1273 non
1177 1231 1294 1273 solum
1308 1234 1480 1288 pidici-es
1495 1236 1615 1274 totius
1636 1244 1717 1280 ter-

103 1305 232 1333 rarum
243 1290 349 1331 orbis
363 1289 579 1333 nobiliffimi
597 1288 644 1345 ad
655 1288 807 1331 suorum
822 1305 986 1342 operum
998 1301 1227 1331 ornamenta
1235 1289 1321 1331 sunt
1337 1292 1504 1335 imitati,
1520 1288 1585 1334 sed
1598 1293 1713 1331 etiam

106 1348 245 1404 (quod
278 1351 404 1389 rauius
416 1348 497 1398 est)
523 1351 671 1390 eximiae
695 1348 1003 1402 pulchritudinis
1016 1347 1183 1389 eiusdem
1208 1345 1305 1389 fama
1331 1358 1533 1402 permotus
1552 1346 1710 1394 Franci-

104 1404 241 1460 scusip
257 1419 278 1445 e
293 1408 441 1446 Primus
454 1405 592 1447 Galliae
608 1405 699 1446 Rex
709 1404 993 1460 gloriosiffimus
1004 1435 1014 1450 ‚
1026 1404 1236 1446 vniuersam
1250 1403 1419 1446 describi
1434 1434 1445 1451 ,
1455 1403 1610 1460 eiusque
1630 1402 1713 1444 for-

107 1477 185 1505 mas
195 1463 403 1517 diligenter
413 1460 542 1517 effingi
554 1459 675 1507 iuffit,
696 1464 777 1517 quo
800 1464 945 1505 deinde
957 1463 1029 1506 fibi
1038 1460 1241 1519 persimilis
1268 1475 1375 1504 aenea
1391 1460 1627 1509 funderetur
1641 1460 1712 1507 in,

110 1519 243 1561 Gallia
253 1549 265 1563 ο
1042 1520 1047 1523 ‘

161 1576 395 1620 Columnam
409 1575 512 1618 lianc
532 1590 787 1619 marmoream
805 1577 1032 1622 cochlidem
1049 1578 1189 1622 Romae
1213 1579 1253 1619 In
1277 1577 1413 1620 medio
1426 1576 1584 1621 Traiani
1605 1577 1713 1618 Foro
1741 1596 1849 1626 Coram
1869 1591 1972 1629 Tufa.

106 1635 273 1675 erestam
295 1657 308 1678 ‚
333 1648 440 1675 nunc
462 1636 579 1676 etiam
607 1645 808 1678 extantem
836 1638 998 1688 cxxviij.
1012 1636 1103 1693 ped.
1130 1635 1242 1677 altam
1256 1665 1267 1683 ,
1292 1636 1342 1677 ad
1355 1639 1473 1677 cuius
1498 1633 1713 1691 fastigium..
1739 1638 1871 1686 urinam
1881 1635 1971 1682 &²⁷⁶-

101 1704 179 1748 per
192 1691 364 1732 clxxxiv.
394 1692 537 1747 gradus
560 1690 858 1740 conscenditur,
881 1695 1010 1736 lucem
1035 1692 1264 1735 fenestrellis
1288 1693 1714 1745 xliij.ministrantibus:
1737 1676 1971 1757 {Zssrssgssffr'

103 1751 142 1790 S.
156 1750 198 1789 P.
210 1749 331 1803 QR.
345 1747 517 1791 Traiano
530 1749 705 1807 Augusto
721 1751 831 1794 bellis
853 1751 1033 1795 Asiaticis
1056 1750 1253 1806 implicito
1273 1751 1440 1792 dicauit.
1465 1752 1510 1790 In
1525 1753 1631 1791 cuius
1646 1763 1715 1791 ex-

102 1808 193 1847 tima
204 1804 414 1862 superficie
423 1811 619 1863 reperitur
630 1820 680 1850 ex
713 1809 850 1852 reffum
862 1834 874 1856 2
889 1808 1086 1865 quidquid
1098 1809 1271 1864 optimus
1282 1810 1472 1863 Princeps
1486 1811 1636 1862 gemina
1651 1808 1714 1848 in..

102 1863 239 1904 Dacos
251 1863 509 1920 expeditione
520 1876 664 1909 eontra
673 1822 921 1909 gecebalum
935 1869 1080 1922 Regem
1095 1866 1284 1922 praeclare
1298 1895 1308 1910 ,
1340 1866 1383 1906 &
1406 1863 1569 1905 feliciter
1578 1862 1689 1919 gessit
1701 1895 1712 1905 .

21 1901 70 1951 C
102 1922 234 1974 Quam
247 1921 345 1963 licet
359 1933 487 1964 morte
501 1933 725 1979 praeuentus
738 1937 818 1966 non
832 1924 991 1970 viderit,
1011 1923 1131 1979 ipsius
1154 1934 1281 1963 tamen
1307 1925 1457 1962 cineres
1475 1925 1513 1960 in
1532 1920 1712 1961 Vrbem„

101 1980 238 2023 relati,
260 1983 361 2020 intra
377 1994 528 2024 auream
550 1980 665 2039 pilam
685 1984 724 2021 in
740 1980 905 2023 eiusdem
920 1981 1027 2021 fuere
1040 1983 1255 2020 summitate
1283 1979 1482 2018 reconditi
1501 2009 1509 2018 .
1548 1979 1718 2020 Constat

101 2046 186 2077 tota
197 2037 310 2078 huius
321 2037 513 2080 columnae
522 2039 642 2080 moles
653 2051 703 2079 ex
716 2040 851 2089 xxxiij.
864 2039 1087 2077 marmoreis
1108 2034 1306 2090 lapidibus
1331 2033 1535 2089 stupendae
1564 2039 1710 2090 magni-

100 2095 245 2135 tudinis
259 2108 269 2134 :
299 2095 486 2136 Romanae
497 2098 632 2150 vtique
641 2097 834 2149 potentiae
847 2094 890 2134 &
905 2092 1121 2149 splendoris
1134 2101 1410 2147 argumentum
1425 2093 1467 2132 &
1478 2092 1601 2133 moles
1613 2092 1714 2134 adeo

102 2147 342 2206 sumptuosa,
364 2165 451 2205 quae
462 2164 552 2192 cum
568 2150 846 2205 Memphiticis
855 2148 1125 2205 pyramidibus
1139 2148 1255 2190 facile
1265 2158 1417 2189 certare
1431 2147 1579 2204 posset.
1607 2150 1715 2190 Lon-

100 2207 314 2262 gitudinem
323 2207 438 2248 huius
451 2208 642 2248 columnae
653 2236 663 2253 ‚
675 2207 770 2247 licet
782 2206 856 2248 cxl.
868 2207 960 2262 ped.
974 2209 1187 2266 Eutropius
1200 2207 1240 2250 6<
1249 2203 1504 2250 Cassiodorus
1516 2208 1706 2263 prodant,

99 2262 258 2307 Publius
275 2276 403 2306 tamen
417 2264 554 2306 vidior
564 2263 673 2306 aliam
684 2261 844 2305 sortasse
855 2264 1050 2309 rationem
1065 2261 1248 2304 mensurae
1272 2261 1436 2308 secutus,
1451 2264 1618 2315 cxxviij.
1631 2277 1711 2305 non

100 2321 297 2363 excedere
308 2322 428 2363 tradit
440 2351 452 2367 ,
469 2322 581 2377 quod
591 2322 637 2363 &
649 2334 755 2362 nunc
771 2324 883 2364 etiam
895 2319 1180 2375 deprehensum
1205 2320 1260 2360 est
1275 2334 1284 2360 ε
1303 2319 1445 2375 gradus
1457 2331 1584 2361 autem
1602 2321 1644 2361 &
1657 2320 1713 2361 fe-

101 2378 299 2420 nestrellas
311 2408 322 2423 ,
354 2389 489 2420 nonvt
502 2377 581 2435 ipse
594 2379 760 2425 Vistor,
782 2376 847 2420 sed
863 2389 905 2420 vt
920 2391 991 2420 nos
1008 2376 1122 2434 supra
1132 2376 1351 2422 retulimus,
1379 2377 1509 2419 adhuc
1522 2381 1633 2418 etiam
1646 2391 1712 2419 ex-

100 2446 184 2477 tare
209 2439 495 2494 comperimus.
530 2435 636 2480 ssafis
659 2446 786 2480 autem
799 2439 838 2476 in
860 2434 1138 2492 fingulalaetera
1152 2435 1320 2491 xxped.
1334 2435 1452 2477 Rom.
1466 2434 1711 2480 habent,id.

100 2492 157 2534 est
168 2492 275 2537 simul
289 2493 394 2538 lxxx
405 2506 448 2536 vt
459 2495 598 2539 exasta
612 2492 784 2536 mensura
796 2491 1079 2549 deprehensum
1094 2493 1149 2536 est
1162 2525 1172 2534 .

157 2554 202 2593 In
215 2551 293 2594 basi
306 2550 621 2607 quoquouersum
635 2551 748 2593 huius
757 2565 982 2593 marmoreae
997 2550 1187 2596 columnae
1200 2549 1380 2607 trophaea
1391 2548 1586 2606 insculpta
1597 2548 1682 2593 sunt
1698 2581 1709 2601 ‚

100 2605 288 2663 superatis
302 2608 478 2651 hostibus
491 2619 604 2666 parta
617 2640 628 2655 ,
652 2612 755 2650 inter
765 2622 861 2665 quas
875 2608 1222 2653 visunturlabarum
1231 2635 1243 2655 ,
1269 2609 1373 2665 signa
1384 2607 1600 2651 draconum
1614 2638 1625 2654 ,
1645 2618 1709 2652 tu-

101 2663 672 2721 bae.tunicae‚paludamenta,
698 2668 903 2708 Dacorum
914 2670 1021 2722 genti
1033 2668 1219 2725 propria,
1239 2665 1355 2721 galeae
1369 2665 1546 2712 doricae,
1567 2665 1706 2707 thora-

25 2722 78 2776 D
101 2734 185 2765 ees,
199 2721 325 2769 scuta,
340 2726 483 2780 clypei,
497 2724 624 2770 hastae‚
640 2724 757 2780 gladij
773 2748 784 2767 ,
798 2726 979 2767 acinaces
992 2747 1003 2768 2
1018 2727 1209 2781 pugiones
1221 2752 1232 2770 ‚
1245 2722 1377 2771 clauae,
1390 2721 1557 2769 secures,
1574 2722 1708 2769 falces.

13 2793 16 2795 ’
97 2778 279 2821 militares
291 2794 414 2825 arcus,
428 2782 646 2836 pharetrae,
664 2780 859 2837 &sagittae
874 2795 884 2827 3
897 2781 1050 2838 Aquilae
1066 2782 1170 2836 signa
1186 2782 1356 2823 Romani
1368 2780 1708 2823 exercitusfelicia

96 2836 284 2893 trophaeis
297 2838 512 2893 superstant
529 2855 539 2881 z
564 2854 724 2895 quarum
746 2840 866 2881 dustu
890 2840 934 2880 &
961 2837 1141 2897 auspicijs
1154 2840 1330 2884 vistoriae
1345 2849 1471 2894 partae
1484 2867 1494 2884 ‚
1520 2837 1710 2879 hostibus-

97 2907 174 2949 que
187 2894 326 2950 praeda
339 2895 540 2952 adempta,
560 2897 640 2938 Hae
666 2895 806 2938 sertum
831 2910 882 2938 ex
907 2910 1058 2951 quercu
1081 2895 1242 2942 sardium,
1262 2895 1451 2953 vnguibus
1477 2906 1632 2939 tenent,
1659 2900 1711 2935 ex

97 2964 178 3006 quo
192 2965 345 2995 corona
360 2954 487 2995 ciuica
501 2958 540 2994 in
559 2954 750 2999 circulum
767 2957 1036 3007 contorqueri
1050 2951 1180 3010 posset
1194 2977 1206 2999 ‚
1223 2964 1427 3008 caputque
1437 2953 1597 2994 victoris
1607 2951 1712 2992 redi-

96 3009 204 3054 miri,
234 3012 336 3054 vittis
350 3014 546 3066 vtrimque
557 3011 824 3065 pendentibus
841 3040 853 3058 ,
870 3010 1013 3067 quibus
1027 3010 1077 3056 ad
1092 3010 1263 3067 sinciput
1277 3010 1517 3066 alligaretur.
1549 3011 1641 3065 Qa
1652 3006 1708 3053 se-

95 3064 168 3107 mel
180 3076 351 3123 accepta
366 3069 567 3124 perpetuo
582 3071 635 3109 vti
648 3067 797 3110 licebat
813 3096 824 3108 .
1107 3085 1110 3088 ⁴
1190 3068 1194 3071 ’

152 3122 383 3166 Columnam
395 3125 497 3167 hanc
510 3127 530 3167 a
557 3128 583 3171 S
611 3128 651 3167 P.
666 3127 726 3179 Q
738 3127 790 3166 R.
815 3127 859 3167 &
878 3125 990 3182 ipsius
1006 3129 1123 3169 etiam
1133 3124 1346 3181 sumptibus
1363 3124 1529 3168 erestam,
1546 3122 1705 3178 expres-

95 3175 136 3217 δὲ
145 3180 360 3234 profitetur
371 3187 530 3240 antiqua
541 3183 734 3227 columnae
745 3181 995 3239 superaddita
1008 3181 1215 3239 inscriptio
1227 3197 1237 3227 ;
1257 3195 1486 3237 quamquam
1518 3182 1599 3221 Dio
1615 3180 1708 3222 Cas-

98 3230 168 3276 sius
183 3235 352 3282 Graecus
363 3242 504 3285 audior
517 3239 775 3286 diuersimode
791 3239 966 3284 senserit:
989 3254 1158 3295 cumque
1174 3240 1216 3282 id
1232 3239 1426 3281 acciderit
1445 3239 1523 3292 xvij
1539 3239 1700 3335 {fg-iani

1513 3309 1541 3352 p
1559 3310 1577 3335 e
1609 3308 1640 3336 is
