2206 3480
190 30 199 82 ³
499 70 916 125 DEMOLE
966 67 1418 126 ADRIANI.'
1674 92 1772 136 117

100 177 151 229 *A
172 170 279 213 Ciuis
291 189 303 211 ²
325 178 413 209 cum
428 175 540 221 patre
556 165 600 205 &
624 179 698 207 auo
719 167 874 212 Leone;
899 168 966 221 qui
977 180 1108 208 omnes
1123 171 1196 213 iam
1210 168 1361 224 pridem
1377 182 1455 211 rem
1469 170 1711 211 Pontificiam
1728 171 1781 213 as.

176 226 303 269 fidae,
318 222 622 277 constanterque
633 234 912 278 prouexerant3
927 237 1024 278 quos
1039 235 1163 266 tamen
1181 225 1412 270 abalienauit
1427 225 1535 268 causa
1554 228 1659 268 Petri
1674 229 1778 269 Leo·

176 288 234 325 nis
246 282 395 326 fratris,
418 284 485 334 qui
508 277 771 333 Pseudopapa'
789 280 999 320 Anacletus
1026 281 1202 324 aduersus
1233 287 1504 325 innocentium
1518 286 1776 326 Secundum.)
1803 290 2031 334 Arxinpoteslm

178 341 358 384 euestus3
383 351 544 393 genere,
573 336 759 376 clientelis
770 365 781 381 ‚
792 335 975 378 thesauris
991 342 1106 379 etiam
1120 363 1130 381 ‚
1146 354 1245 394 quos
1260 340 1419 396 direptis
1433 343 1549 396 impie
1566 342 1686 384 Vrbis
1701 344 1777 381 Ec-
1801 329 1926 405 Zxcim
1946 332 2028 368 pseu.

181 398 304 449 clefijs
320 392 563 450 congesserat
575 406 588 431 :
613 404 732 447 atque
742 403 782 433 vt
801 393 986 434 Consules
998 424 1008 438 ,
1037 397 1076 436 ὃ(
1105 397 1217 438 Vrbis
1229 427 1239 441 ‚
1263 396 1452 453 Arcisqne
1481 398 1684 440 Praefectos
1711 413 1776 440 na-
1863 377 1880 406 ‘⁹
1908 389 1915 396 ⁶

180 457 263 496 cius
277 464 360 495 erat
373 451 442 493 fibi
454 448 752 503 consaguinitate
767 449 1002 495 obstnRom
1025 450 1131 492 facile
1150 468 1280 494 omnes
1295 469 1382 495 cum
1398 455 1560 496 Adriani
1578 457 1679 497 mole
1691 471 1772 496 mu-

179 506 518 557 nitionesinuasit.
547 506 670 560 Igitur
684 504 863 547 Pontifex
891 504 1074 548 fidissimis
1097 509 1315 551 asseclarum
1338 511 1545 553 latentibus
1557 528 1629 569 per
1641 513 1771 555 foede-

179 580 348 611 ratorum
366 565 464 606 aedes
479 564 520 603 ἂ
531 573 650 603 turres
662 563 710 603 ab
724 576 792 603 ore
806 564 948 603 Leonis
959 568 1122 620 eripitur
1136 581 1146 609 ;
1171 581 1217 608 ex
1241 568 1520 609 transtiberinis
1535 570 1682 611 aedibus
1695 585 1772 611 ma-

180 628 314 668 ritimo
326 625 463 664 itinere
482 618 580 660 Pisas
591 623 774 670 primum,
802 620 991 661 deindein
1011 621 1176 663 Galliam
1192 623 1250 663 bis
1263 623 1459 678 profectus
1474 626 1652 668 Pontifex
1671 642 1773 667 anno

174 696 202 726 .1
215 695 304 735 130.
321 679 476 720 tandem
492 677 540 718 ad
557 678 704 720 Vrbem
717 677 836 727 redijt
850 690 936 718 cum
952 679 1180 720 Anacletum
1196 679 1489 736 pseudopapam
1511 683 1532 721 ὲ
1548 683 1775 725 Molislate-

169 739 263 784 .bris
275 738 443 777 educere
471 749 549 775 non
569 734 736 778 valeret,
760 748 872 789 quem
899 737 1050 776 demum
1076 751 1178 777 mors
1199 737 1337 780 extulit
1361 740 1503 780 ostano
1515 753 1615 780 anno
1632 755 1679 780 ex
1691 755 1772 795 quo

177 793 342 836 faustam
359 794 494 835 Sedem
509 789 708 832 inuaserat.
723 793 824 832 Tum
841 806 932 832 vero
946 792 1077 837 altero,
1095 795 1161 850 qui
1178 798 1390 850 Antipapae
1407 794 1560 837 adnasci
1576 797 1768 843 voluerat,
1796 793 1881 855 fjx
1893 789 2027 856 {blm'ffl-

178 851 348 896 sublato,
380 860 511 890 omnes
525 849 561 888 in
579 847 684 888 Vrbe
697 847 906 903 praesertim
924 851 1028 891 Petri
1050 852 1196 893 Leones
1224 855 1458 895 Innocentio
1473 853 1774 895 PontificiArce
1797 839 1967 906 cfp'sstiirf'*
1985 843 2026 859 η’

181 909 355 951 restituta
367 905 640 948 sacramentum
653 905 836 948 dixerunt
849 937 857 946 ,

237 967 353 1006 Parta
369 967 439 1004 iam
460 965 567 1017 quies
594 964 733 1004 Romae
760 963 985 1010 videbatur5
1005 965 1165 1020 quando
1187 969 1258 1007 iam
1285 981 1386 1008 noua
1409 978 1549 1008 coorta
1568 966 1776 1022 tempestas
1820 983 1913 1012 Alma
1925 989 2021 1015 Romi..

113 994 151 1044 B
179 1025 318 1066 iterum
336 1021 464 1062 omnia
479 1018 689 1061 subuertit:
708 1035 809 1061 anno
820 1020 1007 1077 siquidem
1024 1036 1040 1063 1
1055 1036 1142 1070 141.
1168 1025 1336 1064 Romani
1359 1035 1561 1079 occupato
1573 1024 1777 1080 Capitolio
1799 1034 1892 1052 ”mm
1915 1026 2023 1062 [admo.

178 1081 270 1121 dum
288 1078 464 1120 ordinem
481 1080 722 1118 Senatorium
749 1077 969 1122 restituere,
992 1094 1148 1136 remque
1174 1081 1390 1123 Romanam
1403 1096 1538 1137 gerere
1562 1094 1778 1126 conantur,

178 1151 352 1179 moerore
368 1132 543 1189 curisque
558 1134 736 1175 Pontifex
754 1135 874 1186 obijt.
909 1138 1002 1192 Nec
1014 1137 1240 1178 destiterunt
1255 1139 1448 1183 Romani,
1465 1142 1635 1193 quamuis
1650 1139 1780 1180 Caele—

177 1194 277 1236 stino
293 1191 476 1235 Secundo
490 1220 500 1236 ,
523 1192 566 1231 ὃς
579 1192 698 1232 Lucio
712 1195 801 1232 item
813 1192 984 1234 secundo
1002 1198 1158 1238 creatis,
1180 1195 1399 1249 complures
1415 1196 1435 1235 ὲ
1449 1195 1654 1236 nobilitate
1672 1198 1776 1237 Pon-

176 1251 271 1292 tisici
292 1249 470 1291 fauet-ent
495 1261 509 1287 :
534 1246 598 1287 sed
621 1252 757 1290 iterum
787 1250 987 1290 Patritium
1014 1252 1128 1291 etiam
1154 1253 1383 1294 adiecerunt
1405 1262 1584 1308 tanquam
1613 1256 1775 1294 Senatus

174 1310 396 1361 Principem
415 1303 618 1347 Iordanem
634 1305 737 1346 Petri
752 1308 894 1348 Leonis
910 1306 1048 1348 filium.
1082 1312 1189 1349 Inter
1200 1309 1285 1350 haec
1297 1324 1355 1350 an.
1374 1325 1388 1351 ι
1401 1321 1487 1360 145.
1507 1321 1657 1350 creatus
1672 1312 1774 1350 Pon-

174 1363 269 1405 tifex
284 1365 474 1418 Eugenius
491 1363 676 1406 Tertius,
699 1364 866 1404 eumiste
884 1364 1148 1418 cognouisset‚
1172 1376 1212 1406 vt
1231 1369 1390 1407 Senatus
1408 1368 1660 1407 vehementer
1673 1366 1776 1407 obsi-

173 1422 309 1465 steret,
335 1419 399 1460 nisi
417 1432 518 1458 noua
548 1421 842 1474 inauguratione
862 1424 1098 1463 senatoriam
1115 1423 1344 1476 dignitatem
1369 1422 1647 1467 confirmaret,
1663 1424 1773 1465 Vrbe

174 1477 337 1533 egressus
352 1505 361 1520 ‚
387 1474 555 1525 Viterbij
574 1488 856 1518 commoratus:
885 1476 950 1518 sed
972 1492 1059 1519 cum
1089 1479 1340 1520 ostenderent
1355 1483 1521 1523 Romani
1538 1479 1571 1520 se
1587 1481 1776 1521 Patricia-

173 1545 251 1575 tum
268 1533 505 1575 abolituros,
530 1534 571 1571 ὅ(
588 1535 796 1574 Senatores
807 1534 866 1574 ille
883 1535 1054 1579 diceret,
1070 1535 1232 1576 Romam
1249 1540 1483 1577 reuertitur:
1520 1548 1557 1577 at
1581 1551 1671 1577 vero
1700 1539 1776 1577 Ar-

172 1591 311 1632 naldus
323 1591 439 1644 magis
453 1613 464 1632 ‚
485 1601 531 1629 ac
556 1593 670 1639 magis
686 1601 825 1630 contra
841 1593 1048 1645 Eugenium
1064 1592 1334 1633 vexationibus
1359 1592 1552 1649 insurgens
1568 1623 1577 1638 ,.
1596 1593 1777 1635 Pontifex

168 1647 395 1703 migrauitin
417 1653 562 1687 Arcem
579 1643 695 1688 sansti
719 1647 880 1701 Angeli,
906 1652 969 1688 cui
994 1649 1095 1689 Petri
1119 1649 1257 1690 Leonis
1268 1649 1340 1702 filij
1378 1651 1580 1691 Pontificis
1606 1650 1775 1692 fautores

166 1704 456 1761 ptaefidebant;
481 1713 522 1742 vt
536 1702 660 1744 voluit
677 1704 865 1745 Batonius
879 1737 887 1746 .
923 1708 964 1746 In
994 1705 1159 1746 Galliam
1177 1707 1321 1747 deinde
1348 1707 1531 1748 Pontifex
1546 1705 1713 1748 discessit
1727 1732 1737 1750 7
1757 1709 1778 1753 a

169 1762 382 1803 Ludouico
395 1762 502 1814 Rege
518 1760 716 1814 magnifice
728 1772 941 1816 exceptus,
975 1761 1220 1818 reuersusque
1233 1769 1269 1804 in
1288 1765 1431 1804 Italiam
1450 1765 1559 1806 Vrbe
1573 1765 1774 1807 abstinuit,

105 1829 148 1879 C
170 1819 299 1860 donec
314 1816 492 1859 seditiose
513 1816 683 1858 Romani
699 1819 748 1859 ad
765 1823 846 1859 eius
862 1819 1060 1861 arbitrium
1075 1819 1110 1860 se
1121 1819 1429 1875 composuerint.

226 1881 344 1918 Anno
363 1889 377 1917 1
392 1886 481 1925 159.
496 1870 721 1916 succeffitin
742 1877 1018 1918 Pontificatum
1031 1877 1256 1919 Alexander
1270 1878 1433 1923 Tertius,
1452 1892 1563 1933 quem
1580 1879 1600 1918 a
1614 1876 1778 1919 Bosone.

165 1933 287 1975 Card.
302 1933 339 1973 in
356 1936 461 1974 Arce
474 1945 559 1972 cum
574 1931 854 1974 Cardinalibus
873 1933 1090 1975 fautoribus
1106 1946 1324 1989 receptum,
1341 1946 1521 1975 vtnarrat
1535 1936 1776 1974 Ciacconus.

166 1994 312 2034 Verum
326 1988 490 2030 dimissus
510 1988 714 2034 Pontifex.
737 2005 822 2031 cum
844 1991 865 2030 ἐ
893 1991 1020 2032 Gallia
1047 1992 1173 2031 multo
1197 1990 1286 2045 post
1313 1994 1482 2031 omnium
1507 1993 1658 2031 Ciuium
1674 1994 1772 2031 votis

166 2046 383 2089 reuertisset
396 2046 444 2087 ad
460 2044 628 2089 Vrbem
659 2048 831 2088 admouit
852 2052 1058 2100 Antipapae
1073 2045 1204 2086 fautor
1215 2047 1426 2087 Federicus
1441 2047 1574 2088 Castra
1590 2050 1626 2086 in
1653 2052 1776 2101 pratis

167 2105 427 2148 Neronianis;
453 2103 676 2156 &quamuis
692 2103 753 2143 ille
772 2102 914 2142 Molem
928 2101 1079 2143 fortiter
1095 2106 1382 2157 oppugnauerit
1399 2133 1409 2148 ‚
1427 2105 1447 2144 a
1462 2103 1777 2156 Pontificijsfor-

170 2165 259 2202 titer
274 2159 568 2202 obfistentibus,
594 2158 763 2213 repulsus
784 2159 856 2200 est.

228 2222 346 2259 Anno
362 2230 376 2257 1
388 2229 479 2270 347.
491 2215 606 2269 longe
620 2226 755 2267 agente
770 2215 964 2257 Pontifice
979 2218 1017 2257 in
1034 2216 1184 2262 Gallia,
1210 2216 1395 2258 Nicolaus
1412 2218 1580 2259 Renzius
1592 2248 1603 2264 ,
1628 2221 1777 2264 Roma-

172 2289 259 2315 num
276 2277 444 2328 regimen
461 2271 625 2313 Tribuni
644 2272 832 2328 assumpto
846 2277 1000 2314 nomine
1013 2274 1196 2328 adeptus,
1220 2277 1347 2315 Arces
1361 2304 1370 2319 ,
1390 2275 1564 2316 transitus
1591 2307 1600 2321 ‚
1616 2274 1779 2330 pontes·
1818 2278 2022 2322 Mammam.

172 2346 248 2387 que
264 2331 381 2373 Vrbis
394 2333 431 2371 in
448 2327 508 2369 sua
521 2331 633 2369 etiam
649 2329 797 2370 ditione
809 2330 956 2371 habere
969 2331 1091 2371 voluit
1104 2363 1113 2373 .
1141 2332 1328 2373 Deiestus
1341 2332 1474 2386 postea
1489 2333 1714 2374 Tribunatu
1728 2335 1778 2375 ad
1800 2327 1869 2348 '¹¹¹⁸'

171 2394 319 2430 Arcem
333 2387 455 2428 statim
468 2384 503 2427 se
515 2386 688 2427 contulit
700 2416 711 2431 ‚
739 2387 883 2443 illaque
903 2386 936 2429 se
949 2388 1109 2429 clausit:
1128 2386 1270 2430 deinde
1282 2388 1380 2430 clam
1395 2388 1562 2430 discessit
1589 2394 1624 2431 in
1651 2389 1778 2430 Bohe-

169 2450 279 2488 miani
297 2460 305 2486 :
331 2443 575 2500 septimoque
589 2443 677 2499 post
696 2459 799 2486 anno
815 2445 864 2486 ab
878 2449 1116 2487 innocentio
1132 2449 1252 2487 Sexto
1270 2447 1318 2487 ad
1344 2448 1598 2501 repetendam
1614 2450 1779 2501 dignita·

170 2515 247 2543 tem
261 2501 404 2543 missus:
437 2501 580 2542 deinde
597 2502 734 2543 Romae
754 2517 856 2544 anno
876 2515 993 2557 1353-
1012 2502 1194 2558 populari
1220 2507 1490 2544 coniuratione
1522 2504 1779 2544 obtruncatus

173 2559 243 2601 est.
274 2559 420 2600 Exinde
435 2573 522 2598 cum
541 2558 853 2611 Populuseiesto
882 2561 1096 2601 Pontificio
1121 2561 1302 2600 Senatori
1326 2559 1468 2615 septem
1494 2561 1612 2601 Ciues
1636 2559 1781 2604 Refor-

174 2627 360 2656 matorum
378 2620 533 2656 nomine
553 2612 806 2669 subrogasset,
829 2631 877 2657 ne
901 2617 1101 2670 popularis
1121 2617 1281 2657 audacia
1306 2615 1445 2657 fraenos
1469 2615 1683 2672 frangeret,
1713 2628 1779 2660 aut

100 2653 150 2706 D
176 2674 563 2724 Arcemirrumperet
578 2671 809 2726 aliquand03
840 2672 1020 2713 Pontifex
1033 2687 1172 2713 nouum
1191 2676 1416 2714 Senatorem
1439 2674 1619 2728 imposuit
1637 2675 1777 2730 Hugo-

172 2743 260 2770 nem
282 2727 532 2783 Lufignanum
567 2732 713 2784 Regem
738 2730 862 2786 Cypri
878 2745 888 2776 ς
919 2730 962 2771 &
992 2729 1258 2786 Magistratum
1283 2729 1599 2775 Reformatorum
1638 2731 1777 2774 confe-

174 2786 255 2829 stim
268 2783 371 2826 iuffit,
381 2786 533 2826 aboleri
547 2817 557 2826 .

230 2846 351 2885 Anno
372 2846 490 2895 1376.
505 2842 623 2893 redijt
634 2838 814 2885 Pontifex
828 2844 848 2883 ὲ
875 2843 997 2885 Gallia
1018 2845 1225 2900 Gregorius
1242 2844 1498 2889 vndecimus‚
1523 2861 1651 2903 eoque
1678 2847 1777 2886 duo·
1798 2862 1894 2889 Arxin
1906 2864 2024 2900 potestate

174 2900 245 2941 bus
258 2899 345 2955 post
361 2902 466 2940 annis
483 2900 560 2940 vita
574 2899 708 2942 funeto
724 2931 732 2945 ‚
758 2912 910 2942 creatus
921 2902 974 2943 est
992 2905 1029 2942 in
1048 2902 1158 2944 Vrbe
1175 2902 1358 2944 Vrbanus
1382 2906 1521 2945 Sextus
1536 2928 1546 2947 2
1574 2904 1640 2959 qui
1665 2903 1775 2943 armis
1800 2901 2024 2933 Cam-Gallwff·

174 2958 216 2999 &
239 2956 402 2998 tumultu
415 2957 543 2996 omnia
557 2967 657 2997 metu
672 2957 1073 3013 compleuerat,quida
1091 2959 1314 3000 Cardinales
1329 2961 1367 2999 in
1385 2964 1526 3002 Arcem
1547 2957 1772 3013 confugere,

175 3028 249 3069 qua
266 3029 313 3055 ne
328 3023 543 3053 reuocante
558 3013 676 3066 quide
692 3013 886 3059 Pontifice
903 3015 1100 3055 decedere
1116 3017 1331 3056 voluerunt.
1351 3017 1518 3057 Venerat
1531 3029 1624 3057 tunc
1637 3019 1723 3056 Arx
1736 3016 1776 3056 in

174 3071 403 3126 potestatem
421 3071 585 3110 Gerardi
599 3070 718 3110 Card.
735 3071 853 3114 Galli,
871 3073 937 3126 qui
952 3074 1071 3112 Petro
1087 3071 1278 3114 Praefecto
1292 3072 1584 3113 custodiendam
1601 3071 1777 3113 dederat:

174 3142 264 3181 neq;
282 3126 459 3171 Pontifex
468 3126 587 3168 soluta
602 3130 772 3181 quamuis
787 3129 952 3181 pecunia
963 3128 1012 3168 ab
1024 3129 1162 3169 eodem
1175 3144 1409 3175 recuperare
1425 3134 1577 3184 potuit;
1604 3129 1702 3168 adeo
1731 3140 1776 3169 vt

173 3182 358 3226 Pontifex
375 3185 529 3228 Tibure
541 3186 704 3226 Romam
730 3183 901 3226 reuersus
915 3214 925 3231 ‚
950 3185 1053 3228 aedes
1074 3187 1379 3230 Transtiberinas
1401 3187 1569 3229 incoluit
1589 3185 1684 3227 loco
1696 3200 1777 3226 mu-

1607 3255 1693 3284 nito
1707 3265 1720 3287 θ
