2206 3480
435 89 498 130 68
689 73 795 125 DE
836 66 1163 123 AGGERE
1204 65 1314 118 AD
1353 67 1838 123 RVPELLAM.

431 174 526 215 teris
547 171 784 211 eminerent,
807 179 849 206 ac
865 163 1003 204 decem
1020 158 1164 214 pedum
1179 160 1388 204 mensuram
1400 163 1727 208 demonstrarent.
1759 167 1944 211 Latitudo
1960 170 2042 213 Viae
2066 172 2106 223 A

434 242 517 272 erat
533 228 714 268 eadem...

433 344 551 422 De
584 344 876 443 Aggere
907 309 1440 447 adRupellaffl
1473 338 1513 417 ὲι
1554 338 1998 422 Christianiss.

602 449 1197 549 LudouicoXlll.
1294 450 1487 562 Cap.
1549 453 1612 528 X
1636 455 1801 535 Vll
1821 456 1862 536 l.
1925 443 1938 459 ’

425 669 426 672 ¹
538 625 657 678 Tque
667 620 851 664 haetenus
864 620 1021 677 quidem
1036 620 1292 677 plurimorum
1308 622 1534 677 Principum
1550 625 1592 664 ὅ(
1618 625 1888 667 Romanorum
1914 624 2039 681 potil-

429 623 550 746 Α.
565 681 653 722 fime
667 679 923 736 spestauimus
940 692 1065 732 opera
1081 678 1239 720 diuersis
1252 679 1357 721 orbis
1373 679 1474 721 locis
1491 682 1540 722 ad
1553 696 1656 723 mare
1681 685 1883 725 extructa.-
1910 689 2036 738 Agge«

429 752 696 793 rum‚.1nquam
709 767 719 783 ,
733 738 970 791 moliumque
981 735 1147 777 diuersas
1161 734 1307 791 species
1323 752 1333 778 :
1351 737 1442 778 alibi
1452 740 1601 794 quippe
1612 740 1753 780 iniesta
1763 739 1848 781 sunt
1866 743 1903 780 in
1916 754 2036 781 mare,

427 794 515 838 saxa
527 796 570 836 &
581 796 739 837 arbores
754 795 802 836 ad
816 793 1074 835 claudendum
1086 792 1237 839 fretum,
1250 795 1291 835 &
1302 795 1512 850 iungendas
1525 798 1751 838 continenti
1767 794 1931 839 Insulas:
1945 797 2037 837 alibi

427 854 619 908 pontibus
630 856 723 894 mari
739 849 941 907 impositis,
953 848 1114 907 alijsque
1125 851 1204 891 eius
1219 855 1367 906 generis
1381 853 1566 908 operibus
1578 884 1589 900 ,
1609 864 1651 895 vt
1666 854 1860 909 ingeniosa
1874 851 2039 896 necessi-

429 922 502 955 tas,
521 911 582 951 vel
595 910 706 952 luxus
719 908 926 951 ditioribus
937 907 1052 950 fuafit
1063 938 1074 950 .
1120 928 1123 930 >
1231 928 1234 931 ·
1314 943 1317 946 ,
1334 927 1339 931 ·
1370 944 1374 947 ,
1427 928 1434 948 ·.

485 967 673 1024 Superest
682 998 693 1013 ‚
705 979 747 1009 vt
759 972 929 1023 Aggeres
941 967 963 1007 a
975 965 1230 1011 Christianiss.
1247 967 1458 1009 Ludouico
1471 968 1587 1011 X111.
1604 971 1777 1012 Franciae
1790 971 1833 1012 &
1847 971 2033 1012 Nauarrae

429 1027 543 1082 Rege
554 1029 687 1081 portui
697 1024 923 1079 Rupellano
939 1024 1105 1066 iniestos
1117 1022 1359 1081 inspiciamus
1381 1030 1494 1075 (cum
1509 1041 1582 1081 ego
1594 1026 1697 1067 illius
1711 1027 1911 1069 obsidioni
1938 1028 2033 1068 osto
2062 999 2099 1048 Β

426 1083 608 1124 mensium
618 1081 988 1138 spatiointerfuerim
1001 1082 1105 1137 apud
1116 1081 1289 1124 felmem.
1303 1084 1460 1133 10.Fran
1467 1082 1607 1125 ciscum
1622 1085 1765 1126 Carda
1777 1085 1926 1126 Balneo
1940 1094 2034 1125 tunc

426 1142 623 1181 Nuntium
636 1138 911 1196 Apostolicum
924 1143 1029 1194 apud
1040 1139 1142 1180 illam
1157 1139 1461 1194 Maiestatem.)
1494 1142 1548 1181 Hi
1558 1156 1652 1182 vero
1676 1156 1760 1197 prae
1781 1145 1936 1183 caeteris
1951 1143 2034 1195 Ag-

426 1198 582 1252 geribus
597 1199 787 1252 egregium
803 1197 847 1236 ὃς
858 1196 1043 1250 singulare
1056 1196 1262 1238 habebant
1274 1227 1284 1242 ‚
1297 1194 1407 1252 quod
1422 1197 1658 1240 transuerfim
1671 1212 1745 1254 per
1754 1197 1869 1240 finum
1884 1197 2035 1255 ipsum„

429 1256 506 1297 flue
516 1265 676 1309 portum
693 1252 890 1298 aetivsunn
907 1256 1018 1308 quod
1035 1252 1283 1298 noni-lumini,
1296 1268 1373 1295 non
1391 1258 1484 1296 mari
1500 1255 1800 1296 Mediterraneo
1814 1279 1825 1300 ‚
1838 1256 1904 1297 sed
1918 1253 2036 1311 ipfius

428 1313 586 1353 Oceani
603 1310 799 1352 furoribus
815 1339 824 1355 ,
837 1311 880 1350 ἃ·
901 1311 1159 1354 inclementiae
1172 1311 1347 1367 oppositi
1361 1312 1529 1356 §rabiem
1542 1324 1661 1369 atque
1673 1316 1859 1369 impetum
1874 1316 1954 1353 eius
1968 1327 2036 1353 ex-

428 1380 622 1424 ceperunt
634 1384 644 1414 ;
656 1367 857 1423 quod'non
873 1366 922 1408 ad
938 1368 1122 1409 tuendam
1147 1370 1367 1422 regionem'3
1380 1366 1517 1411 sedad
1544 1370 1802 1412 obsidendam
1818 1370 1951 1411 vrbem
1965 1399 1974 1414 ‚
1993 1370 2035 1409 ὃ(

429 1426 705 1481 impediendos
718 1423 842 1466 aditus
854 1423 1058 1479 exitusque
1074 1426 1177 1467 vltro
1191 1431 1376 1482 citroque-
1386 1428 1689 1469 commeantium
1703 1430 1853 1468 inuenti
1866 1426 2036 1468 fuerint.-

435 1485 590 1525 demum
612 1481 723 1538 quod
741 1481 807 1522 teli
827 1480 973 1522 hostilis
998 1484 1137 1528 metui,
1152 1484 1244 1524 dum
1257 1496 1415 1538 aggeres·
1430 1484 1694 1534 struerentur,
1713 1486 1907 1525 continuo
1931 1482 2037 1525 Galli

428 1541 548 1581 essent
561 1539 727 1596 expoliti
741 1555 751 1585 3
765 1551 847 1580 tum
859 1538 908 1579 ab
921 1538 1074 1582 obse-siis
1089 1540 1272 1596 R-upellae
1285 1569 1295 1585 ,
1318 1540 1459 1582 tumab
1474 1543 1700 1597 Anglor'um
1717 1540 1831 1582 classe
1846 1565 1858 1586 ‚
1869 1543 1960 1582 dum
1976 1543 2038 1581 in„

427 1601 523 1640 mari
532 1595 729 1653 suppetias
738 1595 921 1652 eratipfis
934 1595 1088 1639 obseffis
1099 1597 1260 1639 allatura
1273 1629 1282 1638 .
1310 1599 1377 1639 Ad
1388 1597 1482 1638 tales
1490 1599 1645 1654 aggeres
1659 1612 1824 1654 quoquo
1846 1609 1884 1639 te
1910 1608 2036 1638 vertas

433 1656 642 1700 certata&
655 1668 779 1708 rerum
792 1658 1075 1709 praeteritarum
1091 1658 1292 1696 memorias
1305 1654 1627 1710 lustrem-nuquam
1640 1655 1816 1696 offendes
1831 1669 1932 1710 opus
1942 1654 2035 1695 huic

434 1712 553 1754 fimile
567 1727 576 1753 :
590 1714 738 1754 etenim
748 1714 834 1752 c'um
850 1711 969 1753 Iu‘stus
982 1714 1071 1755 Rex
1086 1713 1314 1754 Ludouicus
1324 1712 1524 1768 aegerrime
1535 1711 1654 1753 ferret
1671 1716 1776 1754 ciues
1798 1711 1884 1754 suos
1894 1716 1935 1752 in
1953 1715 2037 1757 Re*

428 1784 497 1825 ges
508 1766 683 1824 obsequij
700 1767 849 1809 oblitos
862 1783 872 1813 ς
885 1780 926 1808 vt
939 1767 1041 1811 fadia
1056 1783 1144 1811 cum
1163 1770 1300 1824 Anglis
1314 1773 1588 1810 coniuratione
1599 1800 1608 1815 ,
1637 1781 1839 1812 externum
1854 1769 2039 1812 militem..

429 1825 673 1879 enecassent.
690 1825 843 1868 Videns
858 1822 938 1879 ipse
953 1826 1044 1867 Rex
1054 1827 1160 1867 irrita
1175 1827 1390 1867 clementiae
1402 1826 1561 1868 consilia
1577 1828 1680 1882 apud
1692 1827 1867 1869 homines
1882 1827 2035 1871 efferos,
2056 1839 2106 1892 C

433 1884 573 1939 quibus
587 1883 637 1922 ad
648 1881 819 1923 officium
830 1882 976 1923 'adduci
993 1882 1171 1936 poisenn
1188 1884 1316 1924 statuit
1341 1883 1494 1924 tandem
1519 1884 1652 1924 vrbem
1669 1884 1949 1926 munitissimam
1964 1884 2038 1924 ob-

434 1942 560 1984 sidere
575 1954 585 1984 ;
598 1948 638 1978 vt
652 1941 817 1980 cinstam
830 1949 905 1980 tam
915 1940 1106 1995 diulonga
1120 1941 1277 1981 &lenta
1289 1939 1386 1981 fame
1398 1942 1448 1981 ad
1462 1941 1704 1982 deditionem
1717 1942 2038 1996 compelleretur.

493 2002 534 2038 ln
544 1997 784 2037 §amonica
793 1999 1001 2050 prouincia
1016 2008 1125 2036 extat
1140 1998 1333 2051 Rupella:
1348 1997 1459 2038 cuius
1471 2001 1581 2039 maris
1595 1996 1694 2038 finus
1713 2012 1803 2040 ante
1824 1998 1922 2039 illius
1939 2012 2035 2053 por-

432 2066 512 2097 tum
526 2053 733 2095 latitudine
746 2052 826 2094 fere
842 2051 1152 2107 MM.paffuuni‚
1167 2053 1244 2095 siue
1262 2054 1471 2095 stadiorum
1495 2054 1661 2096 sedecim
1678 2086 1688 2101 ,
1710 2059 1779 2110 qui
1800 2059 1900 2097 intra
1924 2055 2040 2096 horas

433 2112 595 2154 XXIV·
612 2109 670 2150 bis
680 2112 881 2165 experitur
894 2113 1005 2150 maris
1014 2112 1273 2155 incrementa,
1287 2112 1331 2151 ὃ(
1344 2112 1610 2165 decrementa,
1623 2124 1666 2153 vt
1675 2113 1752 2154 alto
1765 2128 1809 2154 ac
1821 2115 1943 2168 pleno
1962 2127 2041 2154 ma·-

432 2173 465 2211 ri
477 2169 526 2209 ad
539 2170 676 2209 deceni
690 2168 811 2221 pedes
824 2167 1002 2220 quotidie
1016 2164 1193 2218 adsurgat
1204 2166 1330 2211 aestus;
1357 2168 1566 2220 nouilun'ijs
1585 2171 1630 2210 ὅ(
1644 2170 1862 2224 plenilunijs
1879 2169 1927 2212 ad
1937 2173 2038 2210 duo-

433 2227 560 2267 decim
575 2241 586 2263 :
600 2223 837 2277 equinostijs
847 2236 939 2262 vero
951 2221 1151 2272 Martij‚&
1164 2223 1596 2279 Septembris,itemque
1610 2224 1774 2277 solstitijs
1787 2226 1907 2267 multo
1922 2227 2036 2266 etiam

434 2283 543 2324 altius
556 2314 564 2322 .
596 2281 712 2321 Hunc
726 2293 820 2334 ergo
833 2278 951 2320 finum
968 2281 1058 2320 Rex
1071 2304 1080 2323 ³
1092 2292 1179 2319 cum
1195 2279 1389 2320 terrestria
1399 2284 1528 2322 omnia
1541 2282 1682 2322 itinera
1711 2286 2036 2338 circumquaque,

436 2340 553 2384 valio,
566 2337 670 2383 fossa,
682 2335 854 2381 castellis,
866 2334 1035 2391 praefidij
1042 2336 1131 2391 sque
1141 2335 1311 2391 plurimis
1321 2336 1552 2382 muniuiffet;
1561 2337 1691 2379 statuit
1704 2339 1887 2380 claudere
1899 2340 1941 2380 ὅ(
1955 2341 2040 2380 Ru-

436 2397 616 2454 pellarios
628 2395 732 2436 exitu
745 2424 754 2438 ‚
771 2394 813 2434 &
825 2393 976 2447 Anglos
990 2393 1093 2434 aditu
1106 2393 1320 2448 prohibere
1333 2409 1343 2439 ;
1354 2405 1396 2435 vt
1411 2392 1546 2435 obsessi
1561 2393 1732 2437 destituti
1752 2396 1928 2447 cibarijs,
1951 2411 2039 2452 quae

438 2468 488 2495 ex
503 2455 656 2508 Anglia,
672 2453 713 2492 ὃ(
725 2451 876 2492 aliunde
887 2450 1245 2505 subuehipoterant
1256 2480 1266 2496 ,
1278 2450 1374 2492 fame
1388 2452 1544 2492 tandem
1561 2452 1609 2493 ad
1623 2454 1863 2495 deditionem
1877 2456 2040 2508 cogere-

436 2525 504 2552 ·1ur
513 2543 522 2552 .
551 2512 640 2552 Nec
652 2523 772 2553 mora,
784 2505 876 2548 miffi
885 2511 1077 2564 protinus,
1090 2511 1156 2563 qui
1168 2506 1254 2549 saxa
1265 2519 1464 2553 eruerent3
1480 2509 1667 2564 siquidem
1677 2520 1822 2553 naturae
1837 2510 2036 2552 beneficio

438 2569 524 2623 plus
542 2572 656 2608 etiam
671 2566 846 2607 saxorum
862 2580 909 2606 ex
926 2564 1122 2620 Vtriusque
1135 2565 1275 2606 littoris
1294 2564 1373 2606 solo
1398 2564 1526 2620 posset
1539 2571 1620 2607 erui
1638 2569 1816 2624 quotidie
1831 2597 1841 2614 ‚
1856 2582 1969 2623 quam
1986 2569 2036 2609 ad

438 2628 611 2679 Aggeres
622 2624 859 2664 extruendos
874 2622 1148 2677 requirebatur
1160 2655 1168 2663 .
1200 2625 1327 2664 Exciti
1346 2637 1507 2678 quoque
1521 2625 1677 2666 Lutetia
1691 2625 1912 2666 Architeffi
1933 2626 2014 2666 duo
2025 2655 2035 2670 ,

440 2686 508 2737 qui
531 2683 650 2736 Regis
670 2682 873 2720 decretum
887 2709 898 2724 ‚
919 2681 962 2720 δί
983 2681 1062 2720 eius
1075 2680 1293 2734 exequendi
1306 2680 1463 2721 modum
1482 2681 1732 2723 vehementer
1745 2681 2034 2738 probauerunt:

440 2739 715 2792 Indeingentia
727 2735 813 2777 saxa
826 2736 1005 2790 plaustris
1017 2737 1179 2778 aduecta
1192 2767 1203 2782 ‚
1219 2737 1334 2792 longa
1346 2735 1438 2778 serie
1452 2738 1490 2777 in
1505 2738 1638 2778 littore
1656 2739 1767 2780 vndis
1794 2739 1940 2780 nudato
1964 2739 2034 2782 du-

439 2796 533 2853 plici
544 2796 683 2835 ordine
705 2792 993 2847 disposuerunt:
1009 2793 1143 2848 postea
1164 2795 1330 2834 medium
1351 2793 1588 2836 interuallum
1614 2797 1803 2838 coniectis
1816 2796 2033 2851 promiscue

440 2868 513 2909 per
526 2851 675 2894 baiulos
685 2849 896 2891 minoribus
911 2848 1005 2890 saxis
1017 2873 1028 2893 2
1043 2850 1259 2905 leuiterque
1273 2849 1468 2905 dispofitis
1490 2854 1754 2907 impleuerunt
1766 2886 1775 2894 .
1804 2855 1949 2894 Fecere
1961 2853 2035 2893 hos

439 2915 610 2966 Aggeres
624 2908 793 2950 declines
807 2920 886 2948 tum
900 2905 1024 2947 versus
1041 2908 1267 2952 Oceanum,
1282 2918 1360 2948 tum
1388 2907 1517 2949 versus
1538 2909 1692 2951 vrbem:
1711 2912 1830 2961 ijdem
1853 2923 2030 2965 quoque.-

440 2963 821 3020 trabibus,tignisque
833 2962 1110 3015 transuersarijs
1122 2968 1222 3006 intus
1235 2979 1334 3021 opus
1344 2965 1603 3013 firmant-runa
1616 2979 1657 3010 vt
1666 2968 1856 3009 haberent
1867 2965 1952 3008 saxa
1967 2967 2033 3008 ali-

441 3026 537 3080 quid
552 3024 663 3080 quod
675 3034 800 3064 totum
811 3021 889 3063 fine
901 3020 1009 3061 calce
1024 3035 1251 3077 compagem
1261 3024 1429 3064 vinciret
1444 3024 1486 3063 &
1499 3024 1720 3079 stringeret.
1752 3024 1819 3064 Ad
1842 3023 1921 3064 hoc
1940 3039 2034 3065 euo-

441 3085 522 3121 cati
535 3096 582 3122 ex
596 3083 814 3122 Lemouico
830 3079 936 3119 MM.
947 3078 1114 3133 opifices
1128 3080 1334 3124 caedendis‚
1348 3081 1390 3121 &
1406 3081 1495 3134 apte
1507 3080 1756 3136 disponendis
1766 3081 1843 3122 fine
1854 3081 1928 3122 vlla
1948 3082 2030 3122 cal-

442 3152 488 3177 ce
502 3135 596 3178 saxis
609 3137 754 3179 adsueti
770 3169 778 3177 .
809 3134 956 3178 Milites
966 3149 1126 3190 quoque
1140 3138 1182 3177 ὃς
1199 3150 1249 3177 ex
1268 3140 1401 3178 vicinis
1412 3141 1519 3192 pagis
1531 3138 1708 3192 agricolae
1723 3161 1734 3181 ‚
1747 3137 1961 3179 baiulorum
1982 3141 2034 3178 vi-

443 3209 526 3235 cem
538 3193 673 3251 sponte
686 3193 880 3235 subierunt
889 3191 954 3251 spe
973 3193 1074 3234 lucri
1091 3193 1214 3235 ant-dii
1229 3225 1238 3234 .
1272 3197 1331 3236 Ita
1341 3197 1443 3235 intra
1454 3207 1604 3250 paucos
1616 3195 1696 3237 dies
1706 3195 1862 3237 multum
1873 3209 2033 3252 promo-

1898 3264 1976 3292 tum
