2206 3480
426 101 441 136 1
464 99 520 132 22
605 78 698 132 DE
720 76 912 130 VRBIS
933 76 1023 129 ET
1050 74 1366 128 ECCLESIE
1391 67 1902 127 PERENNITATE.>

418 185 556 225 domos
570 178 835 221 munificentia
849 176 1001 214 Ciuium
1014 195 1025 215 ‚
1049 172 1091 212 &
1105 167 1384 211 confluentium
1402 169 1641 222 Populorum
1655 167 1945 225 magnitudine:
1979 175 2022 208 vt
2076 171 2116 226 A

398 243 496 291 ‚hoc
518 251 700 292 ,tempore
721 235 745 275 fi
775 232 922 277 Vrbem
950 229 1133 283 quispiam
1148 225 1336 281 spediaret
1349 225 1474 267 saeculi
1487 229 1752 268 antecedentis
1768 241 1779 272 ;
1796 223 1931 267 nescio.
1947 232 2020 265 an..

419 300 592 356 priorem
612 288 855 347 despiceretk
870 289 937 341 qui
953 288 1117 325 Romam
1132 283 1258 338 seipsa
1272 283 1540 339 pulchriorem
1554 284 1707 326 videret
1724 312 1734 321 .
2015 310 2017 312 -

480 355 567 395 Ha„
589 364 678 390 enus
704 357 905 399 vtramque
930 344 1096 382 Romam
1123 340 1398 382 conferendam
1414 341 1615 382 duximus:
1631 339 1804 395 Augusto
1824 344 1897 381 iam
1912 339 2021 379 Prin-

419 399 532 464 cipe,
551 421 594 447 ac
613 402 858 459 sequentibus
871 397 1016 441 saecuiis
1029 398 1144 454 vsque
1157 397 1203 438 ad
1222 398 1442 439 Gothicum
1461 397 1653 439 excidium
1671 428 1682 443 ‚
1703 397 1922 438 cedendum
1936 408 2020 436 om·

418 472 511 508 nino
535 464 607 504 est:
635 468 724 503 Cum
735 467 907 504 aceruata
923 457 1163 510 vniuerfitate
1178 456 1300 495 vietus
1311 456 1364 496 eft
1376 458 1578 496 Terrarum
1593 456 1701 496 Orbis
1715 478 1725 498 2
1741 466 1782 496 vt
1795 456 1849 496 ait
1860 455 2021 494 Plinius.

419 526 668 576 (Quamquam
686 519 728 557 ὃ(
740 528 843 556 nunc
858 516 944 564 Vijs
959 513 1222 568 compluribus
1237 515 1370 557 restis,
1388 512 1527 568 longis,
1545 512 1705 569 latisque
1721 514 1851 553 Roma
1866 509 2020 552 nostra..

416 581 463 622 sit
476 576 680 633 pulchrior
691 576 813 614 veteri
824 583 914 612 ante
934 571 1133 614 Neronem
1147 593 1158 614 ‚
1183 570 1226 610 &
1242 570 1427 625 praeclara
1455 570 1630 625 quaedam
1657 571 1883 625 Principum
1908 565 2018 623 pala-

416 641 467 677 tia
477 665 486 680 ‚
499 647 545 676 ac
558 634 703 674 Diuum
719 628 887 684 Templa
901 643 978 669 non
993 626 1176 668 inferiora
1188 625 1323 681 prifcis
1336 627 1514 668 domibus
1526 651 1540 670 ²
1561 642 1603 668 ac
1620 627 1790 668 delubris
1802 631 1916 668 etiam
1932 625 2014 665 lau.

414 694 516 734 datis
528 690 724 732 fatendum
738 688 800 729 fit.
832 686 1057 726 Vaticanam
1076 699 1170 726 vero
1190 684 1383 727 balilicam
1397 712 1408 730 ,
1425 689 1655 740 cuicumque
1669 685 1799 729 huius,
1823 686 1866 725 &
1880 679 2019 724 conse*

414 752 615 806 quentium
629 758 851 799 temporum
867 742 1124 783 molibusiure
1138 743 1312 796 opponi.
1347 743 1528 795 Denique
1553 740 1881 783 antecedentibus
1892 737 2012 780 saecu-

414 809 461 848 lis
473 804 562 856 post
581 804 763 844 barbaras
785 800 1015 841 vastationes
1027 813 1230 853 numquam
1249 798 1456 853 pulchrior
1472 795 1600 841 Roma
1621 797 1777 842 floruit,
1801 808 2017 852 quam-aeuo

412 864 547 905 nostro
563 859 760 901 refloruit:
782 869 820 897 vt
833 860 869 897 in
882 856 1135 898 antecedenti
1149 856 1417 910 Capituloiam
1432 857 1597 898 vidimus
1610 888 1619 896 .
2015 881 2019 887 -

471 920 545 961 His
562 930 687 959 tamen
704 914 879 957 aetatibus
893 913 1019 953 adhuc
1036 910 1331 968 spestandumse
1347 912 1484 959 offert,
1504 928 1584 969 quo
1607 927 1745 954 recens
1764 913 1895 952 Roma
1915 923 2018 964 prae-

414 978 552 1020 cellar,
571 990 620 1016 ex
636 976 712 1030 ipsa
724 973 844 1014 veteri
859 968 1036 1024 suscepto
1050 980 1273 1024 argumento
1290 1002 1300 1011 .
1336 971 1438 1012 Haec
1461 975 1558 1012 enim
1575 971 1690 1013 Otho
1703 967 1827 1010 Caesar
1843 966 2018 1011 referen-

414 1047 454 1076 te
469 1035 616 1076 Tacito
628 1032 673 1072 ad
689 1031 824 1071 milites
837 1029 1095 1068 Praetorianos
1116 1026 1220 1067 lib.1.
1236 1026 1370 1068 histor.
1386 1031 1512 1083 inquit
1528 1042 1537 1068 :
1568 1027 1703 1083 Qid?
1729 1040 1797 1068 vos
1812 1025 2020 1080 pulcherri-
2048 1001 2086 1062 ,Β

415 1105 512 1133 mam
532 1090 628 1129 hanc
652 1089 776 1128 Vrbem
791 1109 801 1128 ²
825 1084 989 1125 domibus
1008 1113 1017 1128 ,
1043 1097 1085 1124 ac
1109 1084 1211 1125 teHit
1226 1105 1237 1126 ‚
1271 1083 1319 1128 ἐν
1340 1084 1502 1137 congestu
1533 1085 1696 1136 lapidum
1725 1083 1825 1124 flare
1842 1083 1988 1123 creditis
2002 1087 2019 1120 ,ἒ

416 1153 540 1190 Muta
563 1146 633 1185 issa
655 1146 700 1188 (Γ)
720 1145 846 1183 inania
871 1141 1087 1181 intercidere
1103 1171 1113 1186 ,
1142 1141 1189 1183 ὠ*
1214 1143 1386 1194 reparari
1400 1139 1601 1196 promtfiu?
1617 1138 1780 1198 poffunt.
1812 1142 2022 1182 Aeternitas

418 1218 538 1245 rernm
551 1203 596 1245 da
605 1203 854 1253 paxgentium
868 1228 877 1242 ,
905 1199 951 1240 ὠν
962 1210 1040 1237 mea
1053 1211 1131 1238 cum
1143 1197 1270 1237 vestra
1281 1196 1384 1253 fhlus
1402 1199 1649 1238 incolumitate
1661 1201 1812 1238 Senatus
1816 1195 2000 1252 firmatur
2012 1225 2023 1235 .

418 1265 461 1301 H
466 1274 535 1299 unc
553 1259 734 1314 auspicato
753 1256 775 1295 d
800 1264 974 1307 parente,
1003 1254 1050 1297 &⁴
1069 1254 1252 1294 conditore
1268 1254 1370 1294 Vrbis
1394 1254 1523 1296 noHrae
1545 1254 1777 1298 institutum,
1796 1254 1843 1298 ὠ
1869 1251 1893 1292 αὶ
1915 1253 2025 1304 Regi-

418 1320 483 1359 bus
500 1316 613 1371 vsqne
629 1315 681 1367 ad
698 1315 883 1363 Principes
908 1312 1138 1356 continuum,
1163 1311 1206 1354 (9
1234 1312 1494 1355 immortalem,
1505 1312 1603 1368 ficut
1624 1310 1649 1350 d
1668 1310 1866 1351 maioribus
1886 1310 2024 1360 accepi-

419 1388 498 1415 mus
517 1397 528 1415 ‚
544 1373 599 1429 stc
621 1371 771 1425 posteris
792 1371 1002 1407 tradamus:
1033 1381 1118 1406 nam
1136 1377 1186 1407 vt
1202 1381 1253 1407 ex
1276 1368 1383 1408 vobis
1408 1369 1593 1408 Senatores
1606 1397 1616 1412 ‚
1641 1371 1696 1407 ita
1717 1381 1769 1406 ex
1790 1366 2023 1408 senatoribus

418 1433 600 1483 Principes
611 1429 808 1484 nascuntur
821 1457 829 1465 .
845 1426 945 1474 Quae
961 1423 987 1464 fi
1001 1425 1049 1465 ad
1065 1423 1278 1479 Collegium
1294 1424 1679 1466 Eminentiffimorum
1691 1426 1845 1465 Patrum
1864 1420 2023 1462 transfe-

419 1498 552 1532 rantur
567 1517 576 1530 ‚
602 1488 644 1526 ὃ(
661 1481 874 1525 Pontifices
905 1483 1098 1521 Maximos
1115 1504 1127 1524 2
1149 1482 1217 1535 qui
1233 1483 1432 1524 Vicariam
1446 1481 1587 1523 Christi
1604 1484 1768 1523 Domini
1788 1479 2023 1535 potestatem

419 1555 596 1601 gerentes
611 1556 659 1583 ex
674 1537 899 1595 ampliffimo
912 1537 1049 1578 ordine
1063 1538 1177 1591 deligi
1193 1537 1339 1581 solent:
1370 1544 1454 1595 quis
1468 1538 1578 1580 fateri
1593 1553 1668 1579 non
1685 1537 1844 1582 audeat,
1870 1535 2021 1581 Vrbem

420 1614 533 1643 tanto
549 1604 711 1642 Senatu,
742 1595 938 1641 Patribus,
963 1609 1010 1636 ac
1031 1594 1280 1649 Religionum
1307 1598 1495 1651 Principe
1515 1595 1802 1637 memorabilem
1827 1596 1952 1650 priori
1965 1597 2021 1632 iu-

423 1660 511 1701 stius
523 1655 808 1701 anteferendam
824 1663 839 1695 ?

464 1776 583 1853 De
609 1769 814 1849 Vrbis
864 1785 921 1847 &
944 1769 1270 1846 Romani
1295 1769 1603 1876 Imperij,
1641 1798 1726 1847 ac
1760 1769 1976 1846 etiam

627 1887 999 1965 Romanae
1022 1878 1336 1959 Ecclefiae
1354 1882 1818 1962 Perennitate.

967 1996 1150 2101 Cap.
1213 1994 1354 2074 XX
1374 1996 1456 2075 V.

541 2169 575 2208 R
592 2166 622 2206 B
641 2169 692 2207 IS
714 2166 755 2207 ὃς
783 2164 954 2204 Romani
968 2162 1128 2217 Imperij
1149 2171 1277 2203 ortum
1291 2184 1303 2205 ‚
1325 2161 1589 2216 progressum,
1612 2163 1854 2218 eandemque
1865 2163 1913 2205 ad
1926 2162 2021 2205 sum·

551 2238 648 2265 mum
663 2222 857 2278 potentiae
870 2221 1024 2263 elatam,
1047 2219 1189 2258 exinde
1202 2219 1447 2264 diminutam,
1474 2221 1516 2260 ὃ(
1531 2221 1633 2274 pene
1649 2218 1857 2265 mortuam,
1883 2234 1928 2261 ac
1948 2225 2023 2261 ite-

415 2297 497 2323 rum
514 2282 723 2321 rediuiuam
737 2277 946 2332 aspeximus
960 2308 969 2316 .
999 2273 1161 2317 Curiosa
1178 2275 1409 2320 admodum,
1429 2291 1473 2316 ac
1499 2276 1587 2317 satis
1603 2279 1755 2319 erudita
1777 2281 2021 2331 proponitur

412 2339 536 2380 modo
547 2337 709 2392 quaestio
724 2359 734 2379 2
748 2346 789 2375 vt
801 2332 849 2373 de
863 2346 997 2374 eorum
1011 2355 1022 2375 2
1054 2345 1099 2372 ac
1122 2335 1239 2372 etiam
1255 2334 1443 2373 Romanae
1454 2332 1634 2374 Ecclesiae
1646 2336 1900 2374 diuturnitate
1914 2362 1924 2378 ,
1957 2331 2019 2374 seu

409 2399 661 2453 perennitate
675 2391 803 2433 adhuc
819 2392 1064 2445 exquiramus
1079 2421 1088 2429 .
1118 2389 1249 2433 Variae
1262 2403 1425 2442 namque
1440 2386 1546 2428 fuere
1560 2390 1612 2429 de
1631 2389 1688 2430 his
1713 2391 1909 2430 austorum
1937 2387 2019 2431 sen-

415 2458 565 2495 tentiae,
591 2465 661 2492 nos
682 2450 754 2490 illis
775 2447 971 2490 recensitis
998 2461 1048 2488 ex
1071 2447 1264 2487 tenuitate
1286 2447 1428 2501 ingenij
1450 2440 1600 2486 easdem
1620 2447 1888 2488 conciliandas
1901 2460 2022 2490 cona-

417 2511 565 2551 bimur.

473 2565 604 2606 Prisca
629 2569 896 2608 Romanorum
921 2563 965 2602 &
993 2560 1155 2601 aliorum
1185 2559 1444 2601 Ethnicorum
1471 2559 1584 2600 valde
1596 2557 1778 2615 frequens
1799 2560 2020 2602 &celebris

418 2625 555 2679 opinio
566 2622 637 2664 fuit
652 2646 663 2663 2
691 2623 905 2662 Romanam
923 2619 1069 2659 Vrbem
1083 2618 1126 2659 ὅ(
1140 2620 1219 2658 eius
1237 2616 1410 2659 {imiliter
1422 2619 1631 2671 Imperium
1648 2630 1790 2658 aeterna
1807 2617 1909 2659 fore.
1941 2621 2023 2660 Or-

417 2692 496 2721 tum
510 2684 645 2735 opinio
662 2679 746 2720 haec
760 2677 899 2719 habuit
910 2689 958 2718 ex
969 2690 1018 2717 eo
1030 2676 1140 2730 quod
1160 2676 1330 2729 contigit
1344 2675 1383 2714 in
1396 2674 1656 2716 aedificatione
1676 2673 1814 2730 templi
1829 2678 1931 2716 Iouis
1942 2677 2021 2718 Ca·
2049 2666 2101 2719 D

420 2738 595 2793 pitolini:
613 2751 776 2791 namque
791 2749 877 2775 cum
892 2738 981 2776 Rex
995 2734 1235 2787 Tarquinius
1250 2729 1405 2773 Priscus
1423 2730 1665 2786 Capitolium
1679 2730 1870 2772 fabricare
1885 2732 2018 2778 vellet,

417 2807 582 2848 eumque
599 2794 729 2834 locum
744 2821 755 2837 ,
778 2792 1054 2847 quieidignior
1067 2793 1275 2845 aptiorque
1290 2788 1496 2829 videbatur
1508 2817 1520 2832 ‚
1533 2788 1561 2838 ,a
1587 2789 1675 2839 Dijs
1692 2788 1820 2828 alienis
1836 2800 2018 2830 cerneret

416 2861 737 2907 praeoccupatum
751 2878 760 2893 ‚
789 2862 867 2888 non
881 2849 1026 2888 audens
1037 2846 1185 2898 aliquid
1200 2856 1342 2887 contra
1355 2859 1488 2885 eorum
1501 2843 1700 2885 arbitrium
1711 2847 1860 2891 facere;
1878 2847 1920 2887 &
1933 2859 2018 2886 cre.

415 2910 513 2950 dens
529 2921 594 2946 eos
613 2918 725 2947 tanto
750 2905 910 2946 Numini
923 2933 933 2948 ‚
955 2903 1101 2957 suoque
1117 2903 1504 2957 Principivoluntate
1523 2902 1689 2942 cess'uros
1706 2933 1717 2948 ,
1734 2917 1807 2958 per
1823 2906 2018 2957 augurium

416 2964 721 3020 quaefiuitvtrum
735 2963 878 3004 cedere
892 2960 1041 3001 vellent
1058 2962 1161 3005 Ioui,
1185 2972 1230 3000 ac
1244 2964 1375 2999 locum
1390 2959 1498 3001 illum
1517 2959 1770 3001 concedere?
1793 2973 1923 3001 omnes
1937 2957 2018 2999 ces-

413 3022 541 3064 serunt
557 3032 697 3076 praeter
709 3019 880 3062 Martem
897 3047 907 3063 ‚
926 3021 1127 3059 iuuentam
1141 3045 1152 3061 ‚
1174 3019 1217 3057 &
1238 3016 1484 3062 Terminum;
1518 3027 1636 3071 atque
1660 3016 1752 3057 ideo
1771 3015 2015 3070 Capitolium

414 3079 467 3121 fic
484 3078 745 3119 constructum
758 3076 812 3118 est
824 3100 835 3120 2
858 3085 899 3116 vt
911 3074 967 3116 isti
985 3087 1145 3128 quoque
1163 3074 1264 3114 intus
1277 3072 1398 3114 effent
1411 3106 1419 3115 .
1452 3073 1562 3114 Mars
1577 3084 1703 3115 autem
1719 3071 1863 3114 cedere
1877 3073 2016 3117 noluit,

415 3151 498 3176 nam
516 3136 707 3176 bellorum
724 3133 867 3174 viribus
893 3130 1076 3172 domituri
1094 3140 1204 3171 erant
1232 3133 1402 3171 Romani
1424 3141 1549 3171 totum
1565 3141 1747 3171 terrarum
1763 3128 1916 3170 Orbem
1932 3153 1944 3174 ‚
1972 3130 2016 3170 &

415 3192 533 3248 spolia
549 3191 760 3234 liostiumin
776 3191 916 3232 Martis
931 3189 1123 3231 honorem
1136 3186 1293 3230 relaturi
1307 3202 1317 3229 ε
1333 3189 1541 3230 Terminus
1553 3202 1646 3230 vero
1658 3217 1670 3234 ‚
1687 3188 1729 3228 &
1746 3190 1931 3230 quentus
1946 3199 2015 3228 ce-

1858 3244 1954 3285 dete

2047 1838 2095 1888 C
