2206 3480
378 63 475 106 310
556 39 647 94 DE
687 41 850 98 IVRE
890 35 1213 94 CONNVR
1251 38 1472 93 INTER
1511 40 1707 99 CIVES
1745 46 1951 101 ROM-

382 143 505 188 causa‚
520 147 702 200 quoniam
715 142 800 197 agni
816 137 1039 182 hominib-us
1051 149 1156 177 curae
1167 134 1263 181 sunt,
1277 135 1508 182 educantur,
1519 137 1540 178 a
1553 137 1772 192 pastoribus
1782 146 1820 184 in
1835 143 1978 201 pascua
2006 147 2050 200 A

378 203 678 259 producuntur,
696 197 878 240 custoditi
895 197 915 235 a
928 191 1127 236 Molonis,
1139 196 1207 248 qui
1218 193 1332 248 lupos
1351 192 1732 250 adortidiscerpant.
1902 234 1905 237 Α

436 261 582 300 ‘Parcis
595 272 682 299 cum
699 256 847 295 Mauris
859 254 1074 294 communis
1087 251 1150 291 lex
1160 249 1359 295 est‚licere
1372 252 1500 305 plures
1513 251 1659 294 ducere
1675 269 1836 298 vxores:
1857 264 1971 305 omit.

380 329 424 359 to
434 320 508 358 iam
521 325 584 357 tot
596 314 713 356 millia
726 342 736 357 ‚
765 314 832 363 qui
848 309 937 349 Deo
948 317 1179 364 perpetuam
1190 308 1416 350 Castitatem
1432 321 1626 352 vouerunt
1639 325 1652 350 :
1680 326 1808 362 neque
1823 325 1974 360 tamen„

378 376 485 415 orbis
496 371 735 414 Christianus
746 377 961 423 propterea
975 366 1193 408 destituitur
1205 366 1366 411 ciuibus,
1383 368 1461 409 imo
1472 367 1559 423 loge
1576 367 1630 409 est
1645 371 1883 425 populosior
1895 377 1971 429 qui

374 433 547 471 Turcia.
576 427 690 482 Plaga
702 424 1029 480 septentrionalis
1042 453 1052 468 ‚
1078 438 1163 479 quae
1181 434 1241 465 tot
1253 425 1365 466 dedit
1378 427 1538 480 Imperii
1562 426 1730 469 Romani
1746 428 1967 478 euersores,

375 487 548 544 pluribus
564 482 942 540 semperinhabitata
953 480 1042 526 fuit,
1065 496 1178 537 quam
1196 481 1402 528 Australis,
1425 495 1513 525 cum
1532 493 1658 525 tamen
1673 485 1875 527 indubium
1895 488 1967 535 fit,

377 542 706 600 septentrionales
718 537 985 581 minussentire
999 539 1200 582 libidinum
1220 537 1387 581 flammas
1399 553 1512 596 quam
1527 541 1815 584 Meridionales.
1834 544 1970 586 Plures

378 604 575 645 Praeterea
598 613 739 641 vxores
766 601 828 639 vni
851 596 1099 638 Meridionali
1122 598 1228 639 simul
1253 601 1464 652 iunguntur
1480 627 1491 643 ,
1530 597 1627 640 licet
1654 603 1967 655 Septentrionali

377 673 450 700 vna
464 657 511 699 sit
521 657 626 698 satis:
646 671 717 698 nec
732 656 802 697 alia
816 654 1024 696 adducitur
1037 659 1147 700 ratio,
1162 655 1231 696 nisi
1246 653 1467 696 diffizillima
1482 655 1654 711 copiosae
1667 658 1787 713 prolis
1798 673 1846 700 ex
1863 674 1964 701 vxo-

376 731 461 758 rum
472 711 909 769 multitudinesusceptae
924 713 1108 754 educatio
1121 727 1134 752 .·
1159 714 1201 754 δε
1224 714 1423 754 destitutio
1451 713 1747 755 commoditatis
1761 716 1960 758 educandi

378 771 871 830 paucosliberosgquailli
886 771 1075 825 gaudent,
1100 770 1240 825 quibus
1260 785 1333 812 vna
1347 781 1492 811 tantum
1508 771 1689 812 vxorest.
1720 774 1969 828 Nunquam-s

379 843 495 872 tanto
506 844 636 871 amore
646 829 802 870 ardetin
818 827 950 882 plures
961 830 1284 871 vxoresmaritus,
1297 827 1407 869 sicuti
1419 831 1457 868 in
1472 833 1621 869 vnicam
1634 859 1643 872 ‚
1661 844 1740 885 quo
1755 828 1803 871 fit
1818 841 1859 871 vt
1871 828 1964 871 affe-

377 890 462 931 Ctus
473 899 659 943 paternus
673 885 866 926 inliberos
891 883 1082 930 debilior,
1106 882 1328 940 diuagansq;
1347 886 1398 927 de
1422 884 1552 927 liberis
1567 888 1638 927 rite
1654 886 1870 929 educandis
1885 901 1957 941 pa-

375 960 457 989 rum
473 944 711 986 fitsolicitus:
733 944 851 998 copia
867 955 1033 997 namque
1052 941 1266 983 liberorum
1287 942 1476 989 obrutus,
1508 957 1586 983 non
1603 942 1880 998 potestofficio
1898 958 1970 999 pa-

372 1016 491 1046 rterno
503 1002 681 1043 omnibus
696 1003 859 1041 numeris
873 997 1043 1041 absolute
1056 997 1270 1040 satisfacere
1281 1031 1290 1039 .
1991 981 2030 1033 Β

430 1061 544 1114 Qid
557 1056 722 1114 prodest
737 1057 824 1097 vrbi
841 1060 976 1111 Cayro
989 1057 1254 1112 magnitudine
1270 1057 1312 1096 &
1324 1055 1668 1113 ciuibusinfignem
1682 1058 1757 1101 effe
1769 1089 1780 1105 ,
1803 1069 1972 1115 atquot-

379 1121 487 1160 annis
498 1114 688 1157 saeuiffima
702 1113 1009 1169 pestilentiaftot
1025 1114 1245 1163 >incolarum
1271 1113 1438 1154 millibus
1460 1117 1606 1166 priuari
1619 1124 1635 1156 Ρ
1660 1116 1853 1169 Quorsum
1881 1121 1973 1159 atti-

370 1186 439 1217 net
457 1172 846 1227 Constantinopolim
864 1170 1038 1226 plurimis
1061 1170 1214 1213 ciuibus
1227 1169 1406 1212 refertam
1419 1170 1512 1216 effe,
1542 1185 1630 1214 cum
1647 1174 1827 1227 quolibet
1851 1171 1970 1224 trien}

370 1234 441 1274 nio
457 1235 571 1287 pestis
586 1229 694 1272 furor
704 1231 907 1270 maximam
921 1229 1090 1270 ciuitatis
1103 1238 1253 1285 partem
1266 1228 1474 1271 absorbeat
1493 1237 1507 1270 ἓ
1530 1229 1611 1272 talis
1626 1244 1793 1285 namque
1808 1234 1972 1277 materia

371 1291 416 1331 &
432 1290 509 1330 tale
520 1287 703 1344 pabulum
717 1285 772 1327 est
781 1285 884 1329 vnde
898 1285 968 1327 luis
980 1289 1166 1342 contagio
1177 1284 1392 1332 enascitur,
1415 1299 1461 1327 ac
1476 1284 1675 1341 proserpit
1687 1316 1698 1333 ‚
1728 1303 1892 1344 eamque
1907 1303 1974 1335 au,-

369 1358 437 1402 get
454 1345 620 1402 angustia
635 1344 933 1400 &incapacitas
949 1341 1258 1385 habitationum:
1279 1348 1430 1399 impura
1452 1343 1637 1385 &vitiosa
1656 1344 1837 1387 alimenta
1854 1360 1864 1387 ε
1890 1343 1973 1387 sor-

371 1405 441 1446 des
457 1404 607 1446 vrbium
622 1400 1002 1443 aerem'inficientes.
1034 1401 1128 1441 Haec
1145 1402 1186 1442 ὃς
1197 1401 1325 1442 similia
1340 1401 1487 1441 liberos
1500 1400 1727 1442 adolescere
1745 1404 1810 1443 vix
1823 1402 1966 1447 finunt5

369 1461 517 1503 tametsi
535 1460 714 1518 quotidie
738 1459 879 1501 infiniti
891 1456 1138 1503 enascantur,
1151 1461 1271 1516 pauci
1294 1469 1419 1500 tamen
1440 1459 1490 1500 ad
1513 1457 1646 1501 iustam
1662 1468 1813 1500 aetatem
1827 1473 1974 1517 perue-

367 1531 478 1561 niunt
489 1551 498 1561 .

429 1578 522 1618 Hac
536 1575 584 1617 de
602 1574 713 1618 causa
725 1588 845 1631 genus
859 1573 1086 1620 humanum,
1111 1575 1222 1631 quod
1239 1575 1288 1616 ab
1301 1588 1378 1616 vno
1389 1574 1527 1615 marito
1538 1602 1549 1620 ‚
1571 1575 1613 1615 &
1629 1588 1751 1616 vxore
1765 1587 1839 1615 vna
1853 1574 1956 1629 origi

368 1649 456 1676 nem
469 1633 629 1674 trahens
639 1639 727 1675 ante
739 1636 810 1673 tria
823 1632 936 1673 millia
946 1647 1132 1674 annorum
1149 1643 1255 1674 tanta
1270 1635 1390 1686 copia
1404 1662 1414 1677 ‚
1444 1632 1486 1673 ὅ(
1496 1646 1659 1673 numero
1672 1655 1684 1675 ‚
1705 1645 1787 1687 quo
1810 1632 1853 1673 &
1866 1634 1972 1672 iam..

372 1691 428 1733 est
441 1720 451 1736 ‚
467 1689 642 1731 constitit
655 1705 665 1734 ς
680 1702 758 1729 non
775 1689 940 1743 amplius
951 1690 1053 1731 ficut
1069 1691 1159 1730 olim
1173 1689 1426 1743 multiplicari
1439 1690 1630 1730 videmus,
1659 1689 1861 1744 Pleraeque
1871 1690 1971 1729 ciui-

372 1759 495 1791 tates,
512 1760 675 1802 quarum
686 1745 921 1786 incunabula
934 1760 1054 1800 parua
1065 1769 1076 1789 ,
1092 1746 1306 1786 incolarum
1324 1746 1570 1785 multitudine
1580 1747 1629 1788 ad
1643 1747 1756 1786 certii
1772 1759 1970 1787 numerum

373 1813 647 1848 exercuerunt,
663 1799 886 1856 acquisitam
900 1812 1038 1843 metam
1055 1816 1134 1842 non
1154 1800 1416 1842 trascendunt.
1435 1802 1563 1841 Roma
1578 1800 1700 1842 tribus
1714 1801 1879 1843 millibus
1894 1801 1972 1843 ho·
2000 1816 2049 1870 C

373 1864 518 1905 minum
531 1869 690 1914 coepta,
706 1858 863 1898 tandem
876 1860 924 1898 ad
943 1858 1226 1914 quadringenta
1235 1861 1517 1914 quinquaginta
1532 1857 1647 1899 millia
1660 1872 1808 1903 eorum,
1828 1860 1895 1915 qui
1907 1874 1971 1901 ar·

373 1934 434 1962 ma
448 1917 549 1959 ferre
561 1913 922 1972 poss'entprogreffa
936 1913 1122 1960 substitit,
1149 1928 1222 1956 nec
1247 1929 1413 1970 vnquam
1428 1914 1559 1969 plures
1574 1914 1670 1955 inibi
1685 1915 1970 1958 numeratifue-

374 1987 486 2021 runt,
502 1988 588 2015 cum
605 1983 732 2014 tamen
749 1977 901 2014 ratione
919 1973 1150 2013 incrementi
1163 1974 1306 2026 prioris
1318 1973 1456 2027 magis,
1475 1970 1667 2027 magisque
1680 1974 1718 2012 in
1743 1972 1968 2015 infinitum..

374 2034 491 2090 vsque
513 2029 715 2087 augescere
737 2029 936 2071 debebat,
967 2033 1030 2070 Sic
1057 2030 1277 2083 Neapolis,
1296 2032 1497 2076 Venetiae,
1522 2030 1789 2070 Mediolanum
1809 2032 1970 2086 amplius

373 2093 548 2134 ducenta
561 2088 675 2133 millia
694 2090 849 2130 Cinium
876 2101 1072 2143 nunquam
1086 2086 1332 2127 habuerunt:
1361 2087 1402 2126 id
1424 2087 1535 2141 quod
1560 2087 1608 2126 de
1635 2087 1718 2138 alijs
1739 2089 1971 2130 ciuitatibus

373 2162 560 2204 quoque,
584 2146 922 2201 qua-:plerumque
946 2143 1174 2186 consuetum
1194 2147 1332 2185 ciuium
1349 2157 1545 2186 numerum
1568 2158 1646 2185 non
1668 2143 1970 2193 transcendunt,

371 2208 519 2248 dmum
530 2204 625 2245 volo
636 2235 646 2246 .

429 2259 650 2304 Difficultas
663 2258 841 2301 homines
854 2258 983 2300 alendi
995 2286 1006 2303 ,
1024 2260 1164 2313 procul
1181 2258 1304 2299 dubio
1316 2262 1353 2299 in
1367 2256 1476 2299 causa
1493 2258 1569 2300 est:
1595 2273 1708 2314 quam
1733 2263 1890 2314 peperit
1903 2269 1968 2301 aut

373 2320 441 2362 soli
454 2319 649 2362 sterilitas
667 2330 732 2358 aut
747 2316 905 2358 habitus
915 2320 1127 2357 vicinarum
1142 2320 1433 2370 prouinciarum
1444 2345 1454 2359 ,
1470 2315 1490 2354 ὲ
1502 2317 1822 2370 quibusvistualia
1837 2327 1965 2362 tanta,

372 2391 459 2435 quae
479 2376 625 2416 alendis
641 2374 731 2429 ipsis
744 2372 937 2414 sufficiant
950 2402 960 2418 ,
983 2373 1191 2414 commode
1207 2372 1459 2427 transportari
1473 2386 1551 2411 non
1565 2371 1738 2425 possunt.

426 2435 665 2488 Duoitaque
680 2431 729 2471 ad
743 2433 983 2471 incrementa
997 2429 1140 2484 populi
1154 2433 1414 2483 requiruntur,
1428 2428 1907 2475 liberorummrocieatio,
1923 2432 1967 2471 &

371 2491 556 2534 educatio
569 2518 578 2527 .
594 2488 814 2529 Multitudo
826 2487 982 2543 quidem
995 2489 1201 2541 coniugum
1213 2489 1412 2526 maximam
1429 2496 1579 2540 partem
1596 2486 1665 2527 fibi
1677 2488 1862 2528 vendicat
1877 2503 1885 2527 :
1899 2486 1965 2528 sed

372 2564 451 2593 non
463 2549 550 2589 haec
562 2545 668 2589 satis,
683 2545 806 2586 altero
816 2543 1004 2600 requisito
1022 2543 1202 2585 destituta
1212 2574 1220 2583 .
1242 2545 1360 2587 Vnde
1370 2542 1486 2598 plane
1503 2555 1610 2584 certa
1623 2558 1666 2584 ea
1678 2543 1731 2584 est
1747 2542 1966 2590 sententia„

371 2605 653 2663 propagationi
668 2602 822 2643 humani
837 2604 986 2657 generis
999 2600 1094 2642 nihil
1106 2601 1299 2642 accedere
1311 2630 1320 2645 ,
1335 2599 1393 2640 vel
1407 2599 1564 2641 diminui
1579 2615 1628 2640 ex
1640 2604 1821 2655 coniugio
1837 2599 1963 2642 sacer-

373 2667 510 2706 dotum
527 2659 837 2702 &Montanum
860 2660 1033 2701 Licentia
1048 2658 1241 2703 nubendi,
1269 2671 1382 2711 quam
1408 2657 1477 2699 sibi
1501 2656 1721 2698 sacerdotes
1743 2658 1892 2712 Angliae
1920 2660 1964 2700 ὃς
1996 2647 2046 2698 D

374 2722 596 2761 Germaniae
613 2715 868 2773 sumpserunt,
890 2715 1121 2757 multitudini
1137 2713 1385 2770 populinihil
1406 2714 1535 2758 addit.
1567 2716 1765 2756 Adauetus
1778 2716 1968 2770 quidem...

373 2778 426 2820 est
438 2779 644 2829 coniugum
659 2788 833 2815 numerus
845 2797 856 2817 2
884 2786 923 2815 at
936 2774 1131 2814 educandi
1148 2772 1408 2823 commoditas
1417 2771 1512 2812 nihil
1522 2771 1578 2812 est
1590 2771 1687 2812 {afta
1702 2773 1940 2828 locupletior
1953 2806 1964 2815 .

436 2836 532 2876 Satis
545 2832 631 2873 haec
646 2831 850 2871 declarant
862 2844 938 2871 non
952 2830 1126 2871 sufficere
1147 2831 1323 2884 Principi
1342 2842 1538 2869 numerum
1554 2834 1761 2884 coniugum
1774 2828 1937 2872 auxisse.)
1951 2845 1964 2869 :

374 2890 439 2933 nili
454 2893 600 2946 pariter
615 2902 774 2945 quoque
789 2887 839 2928 de
850 2890 1087 2929 educatione
1099 2887 1311 2928 liberorum
1329 2884 1421 2940 ipfis
1443 2887 1656 2941 prouideat
1670 2910 1680 2930 ²
1706 2886 1966 2941 eleemosyna..

372 2947 611 3006 pauperibus
623 2976 633 2991 ,
648 2944 910 2986 beneficentia
921 2948 1069 2999 egenis,
1085 2946 1270 2999 virginum
1283 2944 1507 2984 indotatarfi
1522 2943 1746 2984 elocatione
1757 2974 1767 2989 ,
1778 2943 1876 2984 filios
1892 2943 1968 2981 ho-

373 3005 484 3047 nestis
501 3004 614 3045 rebus
628 3001 856 3044 assuefacere
870 3025 881 3045 ‚
901 3000 1041 3057 eosque
1053 3001 1102 3042 ab
1116 3005 1252 3042 iniuria
1267 3000 1372 3041 famis
1386 3003 1596 3042 vendicare
1609 3032 1619 3047 ,
1642 3001 1847 3041 clementer
1862 2999 1969 3040 alen-

374 3064 429 3103 do
445 3061 574 3108 senio,
597 3063 640 3102 δε
667 3058 1036 3106 viriuminfirmitate
1050 3058 1234 3100 affestos.
1262 3060 1397 3099 Tanta
1421 3068 1505 3098 erat
1518 3057 1734 3099 Alexandri
1756 3060 1886 3098 Seueri
1901 3056 1966 3096 be-

374 3119 598 3163 neficentia,
620 3129 662 3158 vt
673 3130 889 3172 pauperum
913 3116 1060 3155 liberos
1080 3114 1149 3156 suis
1160 3115 1373 3173 sumptibus
1383 3115 1542 3158 educari
1554 3125 1732 3157 curaret:
1757 3115 1808 3154 de
1825 3116 1970 3155 mat're)

377 3177 586 3219 Mammaea
603 3175 831 3232 Mammaeos
843 3172 981 3230 postea
995 3172 1120 3215 distos
1131 3204 1140 3214 .
1854 3232 1893 3271 V

1897 3238 1912 3267 t
