2206 3480
423 131 531 177 134
605 111 711 168 DE
750 105 1272 165 VIRTVTIBVS
1312 106 1900 161 ROMANORVM.

416 219 461 254 vt
475 214 736 269 Imperatores
757 206 1024 251 Commodus,
1045 204 1249 246 Caracalla
1264 204 1395 250 ,Alex.
1409 208 1571 247 Seuerus
1586 237 1595 252 ‚
1621 208 1663 247 &
1688 207 1747 258 alij
1771 223 1900 249 manus
1912 206 2034 251 dede&
2060 200 2103 269 “A

420 272 501 310 tint
513 298 523 315 .
535 283 585 311 ex
607 266 836 323 Lampridio
851 287 862 308 ‚
891 264 935 304 δι
947 262 1158 316 Spartiano
1170 285 1181 305 ‚
1198 276 1242 302 ac
1259 262 1505 303 Tertulliano
1525 267 1561 303 in
1578 264 1750 319 Apolog.
1768 271 1899 319 cap.6.
1918 267 2031 308 Hinc

420 327 474 368 D.
486 329 569 367 Leo
586 327 624 366 in
641 323 767 365 Natal.
782 319 919 376 Apost.
931 317 1076 360 serm.1.
1091 321 1208 360 Roma
1223 319 1471 373 ignoranssiiae
1482 323 1726 372 prouec‘lionis
1735 324 1929 367 mliorem,
1948 337 2031 364 cum

415 381 510 437 pen?
521 380 684 424 omnibus
705 379 958 419 dominaretur
970 375 1155 429 gentibus,
1177 379 1334 416 omnium
1355 380 1519 429 gentium
1537 378 1724 432 seruiebat
1748 379 1955 424 erroribus,
1980 381 2031 424 &-

422 451 592 492 magnam
601 436 678 494 fibi
688 435 825 478 videba
831 443 892 474 tur
904 431 1106 491 affitmpfiffi·
1115 433 1334 486 Religionem
1347 456 1358 476 ›
1371 436 1460 487 quia
1471 435 1608 474 nullam
1619 434 2029 489 respuebatfhfitatem:

420 495 524 536 vnde
535 503 674 549 quanto
686 502 768 536 erat
773 503 844 547 per
852 490 1050 534 Diabolum
1061 493 1218 533 tenacius
1240 491 1403 544 illigata,
1434 501 1538 532 tanto
1546 504 1612 546 per
1628 490 1807 543 Chrssum
1816 491 1859 542 est
1872 493 2033 535 mirabi-

420 551 490 592 lius
504 550 670 606 absbluta
682 582 693 592 .

481 609 570 650 Nec
583 606 793 650 defuerunt
808 608 910 648 inter
924 609 1128 649 Romanos
1142 610 1267 661 Impp.
1283 619 1362 646 non
1379 605 1618 648 Christianos
1628 629 1638 649 ‚
1655 609 1722 662 qui
1733 609 1915 661 pietatem
1929 620 2031 657 prae-

415 662 607 708 icferxent
621 669 734 708 etiam
751 664 1005 710 Christianam
1020 693 1031 710 ,
1051 667 1141 705 vtin
1153 663 1302 707 Vrbem
1319 662 1419 704 illam
1443 661 1674 704 insererent.
1702 667 1854 706 Etenim
1879 663 2027 707 Christi

417 734 585 769 nomen,
602 736 696 765 mox
708 723 801 765 inde
813 722 862 763 ab
875 719 1039 763 eiusdem
1054 718 1227 776 paffione
1251 721 1423 762 Tnberio
1445 717 1584 762 Caesari
1605 722 1685 775 (eo
1700 724 1798 761 enim
1814 735 2027 776 regnante)

417 781 564 823 Crucis
575 777 774 838 supplicio
789 778 946 822 affestus
962 777 1220 832 est)in1talia
1243 777 1472 823 innotuiffe;
1497 777 1767 819 Tertullianus
1787 782 1825 818 in
1851 779 2028 834 Apolog.

420 836 603 881 aduersus
616 838 770 878 Gentes
778 836 939 878 testatur
949 834 1008 877 his
1022 834 1172 876 verbis:
1202 834 1393 881 Tiberius,
1414 838 1513 876 cuius
1529 844 1688 887 tempore
1702 849 1832 876 nomen
1843 835 2030 875 Christia—

417 908 550 938 norum
561 892 773 947 infieculum
787 895 976 938 introiuit,
998 895 1261 933 annunciatum
1263 892 1341 948 fibi
1352 907 1404 933 ex
1413 894 1514 947 Syria
1526 890 1711 942 Palaestina
1720 922 1729 936 ,
1747 906 1827 947 quae
1837 892 1911 932 illic
1922 893 2032 931 veri-

420 960 535 996 tatem
545 951 650 1007 ipfius
660 952 869 992 diuinitatis
882 951 1125 991 reuelauerat:
1135 948 1267 989 detulit
1274 949 1328 989 ad
1336 951 1506 990 Senatum
1521 962 1600 989 cum
1608 947 2033 1008 praerogatiuafizffi'agy'

413 1008 506 1068 fici:
532 1012 683 1053 Senatus
705 1011 794 1062 quia
819 1022 890 1048 non
915 1011 955 1048 in
973 1006 1018 1062 fi
1030 1006 1275 1060 probamur,
1301 1004 1459 1060 respuit.
1487 1006 1607 1060 Caefitr
1627 1009 1668 1045 in
1682 1005 1867 1062 sententia
1880 1006 2028 1059 mansit,

421 1069 660 1107 comminatus
682 1065 886 1118 periculum
902 1062 1167 1119 accusatoribus
1196 1061 1493 1103 christianorum
1507 1093 1516 1103 .
1544 1061 1729 1116 confidite
1755 1067 2031 1104 commentarios
2056 1048 2091 1098 Β

422 1120 577 1174 vestros,
597 1122 868 1173 illia-reperietis
886 1125 1050 1174 primum
1063 1124 1250 1161 Neronem
1274 1121 1314 1160 in
1326 1117 1425 1159 hanc
1443 1118 1600 1174 sellam,
1625 1128 1701 1160 tum
1719 1120 1884 1160 maxim?
1907 1123 2030 1160 Romae

423 1182 618 1224 orientem,
641 1178 976 1233 Caeffirianogladio
992 1175 1160 1231 firocgsse
1177 1191 1186 1218 τ
1203 1175 1276 1232 fid
1293 1176 1361 1217 tali
1370 1175 1833 1217 dedicatoredammtionis
1848 1177 1982 1219 noflrae
1996 1193 2032 1217 e-

425 1236 746 1288 tiamgloriamur:
770 1237 837 1290 qui
845 1237 940 1276 enim
959 1234 1033 1289 scit
1045 1234 1159 1278 illum,
1170 1232 1371 1286 intelligere
1382 1233 1525 1286 potest,
1547 1232 1703 1289 nonnisi
1719 1233 1875 1288 aliquod
1898 1233 2031 1275 bonum

422 1293 565 1347 grande
583 1292 608 1331 ἃ
622 1295 776 1334 Nerone
785 1292 1013 1333 damnatum.
1027 1294 1162 1345 ltaque
1176 1291 1360 1331 Tiberius
1379 1294 1599 1345 Imperator
1611 1289 1659 1329 de
1676 1293 1929 1346 Christmpro
1946 1294 2035 1332 Deo

428 1349 481 1390 ab
497 1349 677 1392 omnibus
687 1349 877 1390 habendo
888 1352 1033 1404 primus
1046 1350 1094 1388 ad
1111 1350 1288 1388 Senatum
1305 1347 1437 1388 retulit
1451 1363 1463 1387 .·
1484 1348 1526 1387 &
1556 1347 1640 1388 talis
1665 1352 1776 1388 etiam
1795 1351 1933 1388 Romae
1944 1362 2036 1389 mox

429 1405 588 1448 habitus
605 1405 679 1451 est,
706 1406 767 1446 vel
781 1408 904 1446 inuito
919 1408 1083 1445 Senatu.
1117 1405 1241 1446 Porro
1253 1417 1301 1444 ex
1315 1403 1385 1444 illo
1395 1405 1667 1444 damnatorum
1686 1405 1820 1444 Romae
1835 1406 1855 1445 ἐι
1874 1406 2033 1446 Nerone

429 1476 593 1506 numero
605 1463 677 1504 fuit
689 1462 836 1504 sanstus
850 1464 985 1504 Petrus
995 1459 1281 1515 Apostolorum
1295 1460 1505 1517 Princeps
1532 1471 1571 1500 vt
1595 1462 1833 1506 Instantius,
1861 1462 2034 1521 Epipha—

429 1521 518 1566 nius
529 1549 539 1565 ,
553 1521 814 1580 Hieronymus
830 1520 873 1561 ὃ(
888 1520 950 1570 alij
970 1529 1149 1561 narrant.
1984 1517 1996 1555 ἕ

489 1577 572 1630 Alij
601 1588 797 1633 praeterea
821 1580 1083 1635 Imperatores
1109 1589 1189 1617 non
1207 1575 1416 1619 Christiani
1428 1574 1570 1617 Christi
1586 1576 1827 1632 Religionem
1854 1576 2037 1619 inserere,

432 1638 570 1681 conati
586 1634 671 1676 sunt
683 1667 691 1675 .
725 1636 789 1676 De
803 1632 1033 1677 Alexandro
1044 1637 1191 1676 Seuero
1202 1663 1211 1679 ‚
1224 1635 1267 1675 &
1280 1637 1479 1678 Adriano,
1496 1635 1756 1688 Lampridius:
1781 1633 1930 1674 Christo
1944 1645 2033 1675 tem—

430 1692 535 1748 plum
554 1690 688 1744 facere
697 1693 843 1738 voluit,
863 1705 1016 1747 eumque
1035 1694 1132 1732 inter
1141 1693 1236 1732 Deos
1245 1694 1415 1744 recipere,
1431 1690 1534 1745 quod
1539 1690 1781 1734 &Adrianus
1796 1689 2037 1748 cogitcff’ser.

430 1757 496 1789 tur
507 1770 520 1792 2
538 1748 746 1804 quio-mpla
757 1753 795 1790 in
805 1748 968 1793 omnibus
982 1748 1207 1791 ciuitatibus
1220 1748 1303 1804 fine
1316 1747 1524 1800 stmulacris
1534 1746 1680 1805 sufferat
1696 1749 1807 1803 fieri,
1821 1762 1900 1803 quae
1910 1749 2033 1794 hodie,

426 1803 564 1847 'idcirco
575 1807 663 1860 quia
677 1819 748 1847 non
765 1805 906 1846 habent
917 1808 1088 1847 Numina
1100 1826 1113 1851 ‚
1131 1805 1305 1846 dicuntur
1314 1805 1494 1846 Adriani:
1520 1819 1598 1860 quae
1618 1806 1678 1845 ille
1689 1805 1741 1845 ad
1749 1804 1817 1844 hoc
1824 1805 1966 1859 parasse
1976 1806 2037 1846 αἰ·-

434 1861 588 1905 cebatur
602 1894 612 1905 .
641 1862 713 1903 Sed
731 1861 941 1915 prohibitus
963 1862 1017 1903 eft
1036 1863 1083 1903 ab
1104 1863 1162 1903 his
1175 1885 1186 1906 ‚
1213 1865 1280 1918 qui
1307 1861 1523 1917 consulentes
1542 1862 1674 1916 sacra,
1696 1873 1907 1914 repererant
1919 1876 2038 1903 omnes
2053 1885 2097 1936 C

431 1917 656 1970 Christianos
672 1918 849 1971 futuros,
857 1920 902 1977 fi
918 1928 1043 1973 optato
1059 1918 1222 1972 euengsset
1236 1949 1246 1964 ,
1263 1918 1309 1962 (9
1324 1918 1478 1970 Templa
1498 1921 1640 1972 reliqua
1661 1918 1871 1973 deserenda.
1909 1922 2036 1960 Nimi..

425 1990 510 2018 rum
523 1974 714 2017 consultus
728 1976 896 2017 Daemon
911 1973 1186 2032 responderat:
1210 1977 1366 2018 exitium
1380 1975 1600 2016 Gentilitati
1619 1977 1817 2016 imminere
1831 1999 1841 2019 ‚
1873 1975 1898 2016 fi
1914 1976 2034 2017 Chri-

425 2033 545 2076 stiana
555 2031 659 2075 sacra
672 2033 1002 2089 permitterentur.
1021 2033 1128 2074 Idem
1141 2031 1282 2075 sae'culo
1296 2031 1430 2074 nostro
1441 2036 1608 2087 contigit
1618 2062 1628 2077 ‚
1654 2046 1694 2073 vc
1704 2033 1805 2073 hanc
1829 2047 1883 2073 vei
1893 2036 2028 2076 itatem

373 2138 376 2141 Δ
425 2091 588 2142 δεᾶατϋ
607 2092 648 2132 &
661 2094 700 2131 N
706 2103 891 2133 ouatores
903 2088 1074 2146 respuz'1t3
1089 2104 1176 2135 cum
1189 2091 1305 2131 metio
1316 2089 1431 2131 fieret
1446 2090 1656 2132 Libertatis
1670 2090 1708 2132 in
1725 2089 1909 2133 Catholic
1953 2093 2034 2132 Re-

423 2149 569 2205 ligione
587 2148 878 2190 concedendae:
908 2151 1059 2203 optime
1073 2150 1172 2190 enim
1188 2147 1260 2188 illis
1270 2146 1323 2188 est
1336 2148 1481 2188 clarum
1496 2163 1506 2192 ;
1525 2163 1606 2188 eam
1629 2148 1701 2188 esse
1720 2151 1791 2187 vim
1805 2147 2029 2190 Catholicae

424 2207 612 2251 Romanae
625 2205 717 2246 fidei
731 2233 742 2250 ‚
764 2215 950 2250 vtomnes
967 2207 1003 2244 in
1020 2203 1208 2259 sequelam
1223 2203 1418 2245 traheret.
1450 2205 1546 2244 Non
1571 2204 1623 2246 fic
1650 2202 1885 2259 respondiss'e
1906 2205 2028 2246 fertur

421 2265 524 2307 idem
544 2263 658 2304 Alex.
668 2264 831 2301 Seuerus
848 2275 937 2316 erga
953 2259 1211 2300 Christianam
1227 2261 1472 2315 Religionem
1485 2290 1495 2305 ,
1517 2261 1620 2315 apud
1638 2262 1899 2316 Lampridium
1916 2268 2028 2304 :Cum

419 2318 619 2370 chrssiani
627 2319 820 2372 quemdam
842 2319 979 2360 locum,
1000 2319 1066 2371 qui
1087 2316 1255 2368 publicus
1266 2316 1421 2368 suerat,
1450 2315 1695 2373 occupaffent:
1726 2326 1850 2356 contra
1870 2321 2026 2369 popina-

420 2380 474 2429 rij
483 2378 667 2418 dicerent,
681 2375 759 2430 fibi
780 2375 882 2414 illum
908 2373 1033 2414 deberi
1039 2388 1049 2417 ;
1076 2371 1254 2428 refiripstt
1263 2369 1486 2430 meliuseffe,
1513 2383 1561 2412 vt
1583 2373 1905 2429 quomodocunque
1927 2378 2026 2416 Deus

419 2428 496 2478 illic
505 2434 643 2474 colatur
655 2456 666 2476 ²
683 2445 795 2486 quam
803 2431 1006 2484 popinarg'js
1021 2429 1180 2469 dedatur
1191 2460 1201 2470 .

212 2519 398 2559 'offensionis
480 2493 561 2533 Sed
575 2501 616 2531 vt
626 2490 674 2530 ad
687 2489 897 2532 Ethnicos,
916 2488 958 2529 &
975 2489 1177 2527 Romanos
1190 2483 1397 2542 praesertim
1408 2498 1667 2528 reuertamur:
1693 2487 1871 2528 Deorum
1896 2491 2026 2530 multi-

175 2561 255 2598 m220.
423 2549 643 2605 plicitatem
656 2545 760 2602 ipsos
776 2542 935 2585 eoluiffe
950 2543 1128 2584 omnibus
1141 2552 1277 2598 patet:
1300 2557 1400 2599 quos
1416 2543 1588 2585 homines
1600 2543 1705 2585 fuiss‘e
1720 2545 1891 2586 referunt
1905 2551 2021 2588 etiam

420 2606 578 2651 Ethnici
594 2602 823 2659 scriptorem
848 2599 914 2642 sed
924 2612 1094 2657 propter
1106 2602 1241 2641 merita
1254 2629 1265 2645 ,
1285 2599 1343 2641 vel
1356 2604 1555 2648 virtutum,
1574 2603 1634 2643 vel
1647 2616 1859 2644 munerum,
1888 2602 1943 2643 vel
1961 2619 2022 2643 ar-

421 2669 516 2711 tium
531 2672 771 2718 repertarum
782 2656 1236 2699 memoriamfiveteribus
1259 2671 1391 2698 eorum
1412 2658 1721 2700 consecrationes
1738 2665 1933 2700 inuentas:
1969 2658 2019 2700 fic

422 2722 572 2762 Cicero
585 2719 636 2758 de
654 2719 801 2759 Natura
817 2719 1016 2756 Deorum:
1036 2713 1194 2765 Sustepit
1204 2717 1290 2755 vita
1303 2713 1503 2759 hominum,
1519 2715 1804 2771 consuetudoque
1815 2720 2021 2762 communis,
2049 2714 2096 2766 D

423 2786 472 2819 vt
482 2775 664 2833 beneficiis
676 2773 889 2814 excellentes
898 2775 1003 2812 viros
1015 2772 1054 2811 in
1065 2771 1199 2815 Caelum
1208 2771 1348 2815 tolleret
1363 2803 1370 2810 .
1395 2773 1513 2814 Vnde
1536 2771 1577 2810 H
1581 2783 1677 2813 orat.
1696 2772 1743 2812 ad
1757 2776 1816 2814 Au
1821 2773 1912 2828 gust.

649 2829 824 2871 Romulus
842 2828 889 2872 ὢν
910 2828 1016 2870 Liber
1029 2831 1137 2868 Pater
1148 2857 1158 2872 ‚
1183 2828 1229 2870 (θ’
1246 2840 1324 2867 cum
1341 2825 1482 2877 Castore
1501 2828 1638 2868 Pollux

653 2884 727 2937 Pcst
741 2887 900 2937 ingentia
901 2883 1014 2935 fidia
1030 2907 1041 2927 ‚
1067 2887 1226 2923 Deorum
1249 2886 1287 2923 in
1309 2885 1439 2936 templa
1455 2888 1589 2936 recepti
1604 2918 1611 2925 .

424 2948 539 2994 Hinc
552 2942 690 2989 colunt
701 2944 882 2983 Cererem
897 2964 908 2983 ‚
922 2943 1010 2996 quia
1023 2939 1278 2995 primafruges
1289 2943 1434 2980 inuenit
1449 2956 1460 2986 5
1491 2941 1584 2982 hinc
1611 2942 1813 2984 Bacchum
1839 2945 1925 2998 quia
1941 2948 2019 2997 pri-

425 3019 506 3047 mus
519 3004 539 3060 (
552 3012 593 3044 vt
605 2997 845 3058 putabatur)
857 3001 952 3038 vites
966 2996 1161 3051 plantauit
1172 3028 1180 3037 .
1195 2995 1248 3036 'In
1269 2996 1369 3038 libro
1383 2998 1592 3051 Sapientiae
1609 3000 1822 3040 Salomonis
1833 3003 2022 3054 capit.14.

422 3061 615 3103 habetur:
641 3055 777 3100 Acerbo
788 3056 886 3095 lanu
908 3054 1029 3095 dolens
1036 3064 1146 3106 pater
1164 3051 1234 3093 cito
1246 3053 1324 3109 fibi
1344 3058 1445 3105 rapti
1451 3054 1553 3109 filij,
1569 3054 1667 3107 fecit
1684 3059 1892 3108 imaginem;
1913 3057 1960 3099 ὠν
1978 3059 2022 3096 il.

425 3120 497 3162 lum
513 3119 578 3171 qui
591 3126 676 3156 tunc
687 3112 794 3168 quffi
797 3111 904 3152 homo
912 3121 1076 3156 mortuus
1081 3108 1239 3161 sperat,
1265 3124 1360 3150 nunc
1369 3121 1548 3165 tanquam
1560 3115 1676 3152 Deum
1689 3112 1800 3151 colere
1820 3117 1924 3165 coepit
1937 3144 1945 3157 ‚
1975 3114 2023 3156 (θ’

425 3169 860 3224 σοηῖἰίτιιίτῗίηἰενρνιιω
882 3167 968 3222 βω
982 3167 1093 3222 fizcra
1118 3167 1165 3210 (φ
1177 3165 1387 3221 sacrificia:
1413 3168 1543 3207 deinde
1563 3171 1826 3208 interueniente
1846 3179 2023 3221 tempore,

427 3220 687 3284 corizaalefiente
696 3230 828 3284 iniqua
839 3223 1090 3280 consuetudine
1098 3223 1160 3266 hic
1170 3236 1271 3264 error
1281 3233 1458 3280 tanquam
1471 3225 1536 3266 lex
1547 3223 1735 3279 czfioditus
1748 3223 1808 3276 est,
1821 3226 1868 3270 ὠ·
1882 3229 2025 3281 ‘Istam

1841 3295 1969 3324 norum
