2206 3480
365 77 370 82 ’
392 118 507 165 ,424
620 100 869 167 Qvissvs
911 97 1371 150 ADMiNtcvms
1410 96 1659 156 PAR-ra,
1697 100 1796 152 ecc.

394 202 629 247 lin'o,ciuem
646 201 824 242 aduenae,
845 197 1052 248 patricium
1067 195 1224 250 plebeio
1249 198 1400 236 minime
1413 198 1644 250 anteponit;
1680 195 1745 238 sed
1769 200 1989 252 aequabile}
2012 210 2051 264 Α

394 267 448 301 ius
461 256 637 300 vniuerfis
653 257 893 309 impertitur.
915 257 1049 307 Atque
1058 252 1138 293 hoc
1148 252 1205 293 vel
1223 251 1302 293 solo
1317 253 1462 293 iustitiae
1474 253 1629 293 nomine
1644 281 1654 297 ‚
1668 266 1756 308 quae
1772 268 1904 299 omnes
1920 259 1987 300 sub

395 316 431 358 se
447 321 604 357 virtutes
622 315 819 354 continet,
836 312 991 364 optimae
1012 322 1179 365 quaeque
1194 309 1420 364 respublicae
1433 308 1770 350 commendantur.
1792 311 1888 352 Hinc
1911 324 1992 354 tan-

397 388 507 427 quam
524 385 595 424 pro
611 367 742 422 insigni
756 365 906 407 iustitiae
923 366 1110 407 Romanis
1121 368 1212 406 olim
1223 363 1367 421 gladius
1389 369 1438 407 ad
1452 365 1711 407 deterrendos
1734 364 1930 410 seditiosos
1947 371 1991 413 &

396 430 601 471 sceleratos
613 425 771 480 publice
790 421 1016 478 propositus
1026 420 1116 464 fuit.
1152 425 1209 464 Vt
1221 427 1317 463 enim
1331 422 1534 464 secundum
1549 423 1698 465 festum
1709 452 1719 468 ,
1738 425 1837 478 apud
1851 439 1920 465 eos
1935 429 1994 467 in-

395 486 492 540 signe
508 484 657 537 imperij
677 481 720 521 &
737 493 924 521 armorum
941 479 1044 521 hasta
1057 478 1128 521 fuit
1146 480 1437 533 (Proconsules
1449 484 1547 521 enim
1562 480 1613 520 de
1625 479 1817 522 Ciuilibus
1828 487 1991 537 prouin-

397 542 545 583 cialium
560 538 674 579 caufis
685 536 963 592 cognoscentes
976 566 986 582 ,
1011 551 1087 592 pro
1101 535 1282 577 tribunali
1295 536 1442 578 hastam
1457 535 1688 591 erigebant)
1716 538 1765 578 ita
1792 540 1829 579 in
1843 538 1991 580 facino-

397 598 502 641 rosos
517 597 691 636 homines
705 593 1066 635 animaduertetibus
1078 593 1152 634 illis
1166 594 1313 648 gladius
1328 593 1480 643 semper
1494 595 1529 633 in
1544 594 1755 647 conspectu
1771 608 1850 635 erat
1864 611 1874 640 3
1889 597 1989 638 ficut

394 653 651 697 erudite-illud
662 651 780 693 tradit
793 650 961 692 lacobus
978 651 1158 691 Raeuardi
1169 650 1273 692 lib.2.
1287 650 1337 691 de
1356 649 1497 691 Diuers.
1511 655 1609 705 Reg.
1628 652 1717 691 iuris
1731 680 1742 696 ‚
1757 651 1819 693 vbi
1833 657 1882 692 ita
1896 643 1985 694 scri-

393 714 479 753 bit:
507 712 617 751 seuit
628 712 784 749 inuicem
812 707 1094 761 discordantium
1109 707 1225 747 rabies
1238 729 1250 751 ,
1274 708 1321 751 ό
1345 710 1441 747 inter
1452 717 1549 759 togas
1559 718 1650 761 pace
1660 717 1769 760 rupta
1779 731 1791 752 ‚
1797 707 1928 759 sorum
1942 711 1988 750 li.

394 769 488 810 ribus
501 769 613 820 mugit
626 763 791 816 infimum
807 778 815 805 :
841 764 949 804 hasla
964 765 1056 808 illic,
1074 764 1121 807 ό
1126 764 1287 816 gladius,
1301 764 1347 807 ὠ
1361 762 1532 814 carnifex
1538 763 1673 817 praefio
1686 763 1739 803 εΗ
1752 796 1761 804 .
1795 766 1884 805 Huc
1896 779 1988 821 per.

391 830 490 869 tinet
503 823 612 878 quod
627 823 708 863 Dio
718 821 766 861 de
780 825 949 862 Traiano
976 818 1129 861 scribit:
1151 835 1234 862 nam
1262 834 1349 867 cum
1375 820 1592 862 Praefectum
1614 821 1825 876 praetorio,
1844 836 1987 877 quem..

394 891 618 925 crement,
648 879 955 918 circumdaturus
969 875 1062 917 effer
1074 875 1180 920 ense,
1200 880 1339 918 nudum
1358 892 1440 917 eum
1454 877 1508 917 illi
1524 882 1723 932 porrexit:
1757 881 1854 930 Cape
1868 878 1985 925 hunc,

393 942 516 983 dixit·;
536 937 583 980 ὠ·
595 934 776 990 stquidem
789 934 876 974 ben?
885 938 1119 990 imperauero,
1130 946 1201 987 pro
1212 948 1267 974 me
1287 934 1355 973 hoc
1364 945 1489 974 vtere:
1514 935 1568 984 sin
1590 935 1693 978 male,
1714 933 1884 989 aduersi‘is
1903 949 1981 976 me.

455 1000 517 1038 Sic
530 992 698 1035 videmus
713 990 877 1047 gladium
893 994 1129 1044 euaginatuni
1145 1021 1155 1036 ,
1181 992 1291 1045 quod
1306 992 1342 1030 in
1357 989 1658 1031 solemnitatibus
1671 994 1904 1045 imperatori
1915 1021 1925 1036 ‚
1937 993 1981 1034 &

398 1051 572 1108 Regibus
588 1046 805 1105 praefertur.
836 1048 1012 1088 indicare
1027 1048 1218 1092 iustitiam,
1245 1058 1283 1087 vt
1298 1046 1606 1088 terrorsontibus
1619 1049 1849 1091 incutiatur,
1871 1049 1981 1090 &in-

399 1107 675 1153 sontessciant;
699 1103 732 1145 se
749 1103 814 1145 sub
824 1106 1074 1160 protectione
1089 1103 1215 1145 summi
1239 1103 1486 1159 Magistratus
1496 1103 1691 1144 abiniuria
1705 1105 1746 1145 ὅ(
1763 1105 1799 1146 vi
1812 1114 1917 1145 tutos
1927 1103 1982 1146 es-

398 1166 434 1209 se
448 1194 458 1204 .
487 1166 573 1205 Hoc
591 1176 752 1219 quoque
767 1161 872 1217 apud
887 1159 1132 1202 Massilienses
1157 1160 1336 1201 vfitatum
1358 1159 1480 1205 fuisse,
1503 1160 1663 1202 testatur
1672 1159 1845 1203 Valerius
1857 1161 1985 1203 Maxi·

398 1230 501 1268 inus,
518 1222 592 1263 ibi:
621 1225 794 1263 Caeterum
805 1218 829 1257 d
842 1218 986 1259 condita
997 1218 1092 1257 vrbe
1105 1218 1246 1271 gladius
1258 1215 1365 1257 eslibi
1377 1240 1388 1260 ,
1409 1230 1481 1271 quo
1495 1216 1603 1271 noxy‘
1613 1217 1825 1269 iugulantur
1836 1247 1847 1262 ‚
1876 1218 1984 1259 rubi-

394 1284 482 1334 gine
491 1277 633 1334 quidem
650 1274 787 1331 exaefirs
801 1300 812 1321 ,
835 1276 881 1319 ό
893 1278 969 1314 vix
971 1272 1151 1329 fifflciens
1159 1272 1375 1318 miniflerim
1395 1273 1467 1328 [ἑά
1471 1275 1589 1315 index
1598 1303 1608 1319 ,
1626 1279 1665 1315 in
1677 1277 1834 1314 minimis
1844 1288 1986 1330 quoque

401 1337 508 1378 rebus
519 1336 638 1376 omnia
649 1337 809 1388 antiquie
824 1331 1084 1387 consuetudinis
1094 1341 1271 1372 momenta
1289 1330 1497 1385 ftruanda.
1531 1330 1711 1372 Moribus
1734 1344 1892 1386 quoque
1913 1346 1986 1372 no-

402 1396 480 1437 stris
498 1401 696 1446 receptum
708 1389 782 1433 est,
800 1390 958 1445 quando
969 1389 1124 1443 Equites
1139 1390 1158 1429 a
1170 1386 1341 1442 Regibus
1351 1391 1473 1428 creari
1484 1385 1626 1432 solent,
1648 1399 1687 1428 vt
1701 1387 1846 1443 gladius
1859 1391 1986 1442 euagi-

402 1464 513 1492 natus
525 1447 596 1489 illis
608 1445 781 1488 tradatur
792 1470 802 1489 ‚
825 1459 999 1500 eorumq3
1017 1446 1162 1485 humeri
1178 1445 1315 1485 leuiter
1329 1458 1376 1485 eo
1389 1443 1699 1498 perstringantur,
1711 1457 1797 1484 cum
1812 1446 1989 1486 eommo-

401 1503 875 1550 nefacstione‚vtiustitiam
887 1502 1045 1544 faueant
1060 1532 1069 1545 ‚
1089 1502 1241 1544 viduas,
1266 1500 1435 1556 pupillos
1448 1523 1459 1545 ‚
1481 1499 1642 1555 aliasque
1657 1499 1885 1542 miserabiles
1896 1515 1988 1557 per-

402 1564 511 1607 sonas
522 1565 542 1604 a
555 1565 602 1607 vi,
614 1562 797 1602 iniuriaue
808 1558 1031 1600 defendant.
1045 1562 1106 1601 Sic
1118 1558 1418 1599 Maximilianum
1431 1561 1591 1612 primum
1603 1557 1714 1598 huius
1728 1561 1889 1598 nominis
1905 1559 1993 1599 Cae-

401 1623 537 1665 sarem,
565 1618 790 1661 feruntloca
803 1616 991 1657 destinata
1007 1618 1053 1657 ad
1069 1614 1259 1670 supplicia
1285 1614 1444 1655 sontium
1457 1637 1468 1657 2
1490 1611 1798 1656 venerabundum
1811 1627 1898 1655 cum
1911 1613 1989 1655 hac

404 1691 504 1718 voce
520 1675 690 1717 SALVE
716 1674 969 1716 IVSTlTlA
981 1696 991 1715 2
1022 1677 1220 1727 praeterire
1234 1670 1381 1712 solitum
1396 1703 1404 1712 .
1424 1672 1481 1711 De
1495 1670 1723 1711 Alexandro
1735 1672 1880 1712 Seuero
1892 1674 1989 1725 Imp.

404 1730 648 1785 Lampridius
660 1733 698 1770 in
711 1734 788 1770 eius
799 1733 873 1769 vita
891 1729 941 1770 sic
958 1728 1113 1769 scribit:
1136 1732 1175 1770 Si
1186 1741 1355 1782 vuquam
1366 1726 1494 1779 finem
1508 1726 1651 1780 vidg'sset
1674 1727 1826 1768 iudicem
1842 1751 1853 1771 ‚
1873 1737 1990 1780 para-

406 1801 481 1832 tum
502 1787 658 1829 habebat
679 1787 851 1838 digitum,
874 1795 921 1824 ‘vt
940 1785 999 1824 illi
1015 1785 1152 1824 oculum
1172 1793 1337 1827 eruerem
1359 1795 1470 1825 tanto
1494 1785 1590 1824 odio
1612 1782 1917 1838 prosequebatur
1930 1787 1991 1825 Iu-

406 1849 510 1889 dices
524 1875 533 1889 ,
547 1849 611 1899 qui
625 1843 812 1884 furtorum
828 1843 922 1882 {ama
934 1839 1184 1884 laborassent,
1202 1852 1240 1879 vt
1256 1840 1282 1882 si
1298 1853 1365 1879 eos
1381 1838 1466 1879 casu
1482 1839 1610 1893 aliquo
1620 1839 1786 1883 videret,
1816 1850 1990 1881 commo-
2012 1856 2060 1907 C

409 1912 516 1947 tione
538 1905 647 1942 animi
663 1899 860 1941 choleram
872 1896 1072 1939 stomacho
1086 1906 1302 1938 evomeret,
1317 1907 1405 1936 toto
1421 1897 1528 1935 vultu
1544 1897 1824 1937 inardescente.

470 1961 662 2000 Caeterum
677 1958 727 1998 de
738 1955 880 1999 lustitia
893 1965 1027 1995 extant
1044 1950 1173 2010 paffim
1190 1964 1263 1994 tam
1277 1953 1380 2002 apud
1394 1950 1540 1997 sacros,
1555 1966 1664 2007 quam
1684 1952 1872 2003 profanos
1884 1966 1992 1995 com-

402 2016 703 2058 monefatstiones
718 2010 940 2069 grauiffimae
954 2043 963 2052 .
989 2013 1050 2051 Sic
1070 2014 1167 2051 enim
1182 2010 1462 2064 extatSapient.
1475 2023 1600 2064 capa.
1623 2010 1773 2061 Diligite
1785 2010 1991 2054 Iussitiam,

402 2076 466 2128 qui
477 2072 643 2112 iudicatis
662 2080 815 2110 terram.
844 2072 891 2110 Et
907 2067 1117 2109 Ecclesiast.
1134 2081 1209 2121 cap
1224 2081 1261 2113 4.
1278 2069 1322 2106 In
1343 2064 1475 2116 ustitia
1493 2069 1693 2118 agonizare
1700 2076 1770 2118 pro
1789 2070 1911 2106 anima
1926 2076 1991 2107 tua

401 2131 516 2184 “filu‘'
527 2129 578 2169 ad
586 2138 756 2168 mortem:
777 2135 873 2165 certa
880 2137 952 2177 pro
965 2124 1127 2167 iustitia,
1156 2124 1201 2167 (9
1214 2126 1312 2164 Deus
1334 2122 1561 2175 expugnabit
1575 2132 1647 2174 pro
1673 2132 1709 2161 te
1718 2123 1879 2162 inimicos
1891 2132 1968 2162 tuos
1980 2152 1990 2161 .

400 2185 591 2240 intelligat
602 2187 659 2226 vir
676 2188 878 2239 princeps,
890 2182 996 2238 quod
1013 2181 1137 2236 qualis
1150 2176 1435 2234 sueritipsarum
1451 2191 1572 2219 rerum
1584 2179 1877 2226 actionumque,
1892 2192 1988 2233 quas

402 2247 503 2297 agit,
527 2252 683 2287 natura3
705 2240 817 2282 talem
834 2253 992 2295 quoque
1004 2252 1050 2279 ex
1065 2237 1154 2292 ipsis
1174 2238 1394 2278 memoriam
1410 2237 1447 2275 δι
1470 2233 1602 2275 famam
1617 2264 1627 2280 ,
1655 2234 1711 2275 vel
1745 2230 1904 2279 bonam,
1928 2235 1990 2274 vel

401 2300 532 2339 malam
554 2296 903 2338 consecuturussit.
930 2297 1016 2338 Nec
1039 2296 1159 2335 minus
1192 2294 1458 2349 principatum
1481 2305 1617 2347 gerens
1639 2288 1899 2331 reminiscatur
1919 2293 1989 2330 ini-

396 2359 622 2396 micitiarum
641 2355 681 2394 ὃ(
696 2352 988 2397 difensionum,
1007 2351 1032 2392 fi
1049 2365 1132 2405 quae
1143 2356 1252 2406 prius
1265 2363 1349 2391 cum
1365 2349 1555 2404 aliquibus
1568 2346 1848 2388 intercesserint
1864 2378 1871 2387 .
1887 2348 1985 2387 Non

397 2416 493 2452 enirn
515 2412 562 2451 ad
578 2409 807 2464 regnandum
820 2419 1021 2465 promotus
1038 2407 1112 2451 est,
1140 2417 1180 2447 vt
1192 2404 1421 2449 vlciscatur;
1453 2418 1582 2444 verum
1596 2406 1810 2457 vtimperio
1821 2401 1887 2442 suo
1901 2402 1986 2442 sub-

394 2470 498 2510 ditos
514 2470 625 2508 etiam
643 2468 690 2506 ab
705 2466 858 2506 aliorum
882 2464 1028 2513 infidijs
1047 2462 1218 2507 securos,
1241 2473 1357 2516 atque
1383 2472 1486 2501 tutos
1508 2459 1723 2501 custodiat:
1742 2460 1784 2499 &
1805 2469 1846 2498 vt
1858 2459 1986 2500 custos

399 2527 494 2567 reiti
505 2524 547 2564 fit
560 2548 570 2568 ‚
598 2524 638 2563 &
651 2536 793 2578 magnae
807 2524 900 2562 Deae
912 2519 1063 2564 lustitiae
1075 2518 1238 2560 minister
1254 2519 1494 2570 &interpres
1506 2549 1514 2557 .
1545 2518 1650 2568 Qin
1680 2517 1720 2556 ὅ(
1746 2513 1987 2570 deprehensa

400 2586 559 2623 veritate
572 2611 582 2625 ‚
598 2578 968 2634 agnitaqueiustitia,
995 2576 1087 2617 nihil
1103 2586 1289 2620 moretur,
1309 2574 1416 2626 quod
1428 2578 1482 2615 ius
1498 2573 1608 2614 iubet
1621 2577 1891 2626 pronunciare,
1903 2583 1986 2626 atq;

399 2644 537 2690 exequi
553 2640 668 2691 idque
681 2637 839 2690 impigre
854 2649 898 2676 ac
912 2636 1010 2675 citra
1026 2647 1188 2674 moram.
1214 2632 1257 2673 ld
1283 2631 1390 2687 quod
1406 2634 1539 2686 paucis
1559 2629 1764 2671 admodum
1787 2642 1888 2669 curae
1911 2629 1985 2669 est:

402 2709 480 2749 quo
497 2694 543 2735 fit
557 2705 670 2733 etiam
687 2706 726 2733 vt
742 2707 818 2732 non
832 2690 944 2732 solum
956 2688 1207 2746 plerosquein
1221 2702 1342 2729 annos
1354 2714 1364 2734 ,
1390 2687 1453 2728 sed
1467 2693 1650 2742 integram
1665 2685 1780 2727 ferme
1790 2685 1987 2726 hominum
2015 2684 2065 2736 D

400 2750 649 2792 aetatemlites
665 2749 966 2803 prowahantur,
994 2746 1232 2801 fatigentque
1255 2745 1445 2786 interdum
1470 2748 1580 2785 etiam
1602 2747 1761 2797 primam
1773 2754 1884 2797 atque
1897 2743 1991 2784 alte-

401 2822 480 2849 ram
494 2806 665 2847 sobolem
678 2833 688 2850 ‚
714 2805 990 2846 exhauriantur
1008 2806 1261 2859 patrimonia,
1280 2801 1384 2842 rabie
1402 2801 1518 2842 veluti
1541 2803 1617 2855 igni
1640 2800 1901 2841 incendantur
1918 2799 1982 2840 ho-

401 2866 541 2906 minum
559 2861 669 2907 odia,
687 2876 817 2904 manus
832 2865 1051 2903 excitentur
1064 2861 1110 2901 ad
1125 2860 1292 2903 caedem,
1314 2857 1637 2914 pericliteturque
1658 2854 1750 2897 salus
1772 2854 1851 2911 ipsa
1875 2869 1992 2896 cum.»

402 2920 536 2962 rebus.
569 2918 792 2964 Addamus,
810 2917 949 2973 quibus
961 2920 1110 2958 interim
1127 2920 1248 2960 curis,
1266 2915 1459 2965 molestiis,
1469 2913 1723 2956 anxietatibus
1739 2916 1849 2953 vitam
1865 2921 1991 2967 agunt,

403 2982 469 3032 qui
484 2978 569 3018 lites
580 2988 728 3031 gerunt:
740 2975 831 3016 nihil
846 2972 929 3016 sane
946 2972 1303 3021 miserabilius,nihil
1320 2971 1517 3015 infelicius,
1530 2971 1623 3011 nihil
1639 2969 1890 3011 calamitosius
1901 2966 1992 3008 isso-

402 3037 446 3076 rsi
457 3035 648 3075 mentibus
668 3035 857 3074 continuo
869 3031 1106 3075 laceratis&
1123 3030 1209 3071 diro
1226 3042 1412 3071 mucrone
1423 3027 1616 3070 confoffis.
1629 3027 1700 3067 hos
1713 3025 1816 3067 nulla
1827 3027 1993 3079 requies,

401 3091 505 3133 nulla
522 3090 733 3131 oblectatio
747 3090 864 3134 iuuat,
885 3087 1028 3143 nullaq;
1041 3087 1097 3128 vel
1113 3090 1329 3130 amoenitas,
1346 3086 1403 3126 vel
1417 3085 1603 3125 illecebra
1619 3093 1760 3126 mouet,
1781 3080 1883 3121 saeuis
1903 3094 1995 3135 cru-

405 3148 567 3188 ciatibus
582 3148 769 3192 laniatos;
783 3145 846 3188 sed
859 3144 916 3186 his
930 3155 1061 3186 toruus
1076 3141 1224 3198 semper
1239 3141 1423 3197 aspedius,
1437 3153 1558 3197 caput
1569 3144 1704 3185 minax,
1716 3141 1849 3178 ceruix
1865 3136 1996 3178 demis-

403 3202 457 3248 sa,
477 3219 544 3245 ora
557 3203 759 3259 pallentia,
780 3205 961 3259 gemitus,
982 3201 1160 3258 planstus
1176 3223 1188 3244 ²
1204 3199 1346 3242 stridor
1361 3229 1372 3246 ,
1385 3198 1515 3244 furor,
1541 3197 1768 3253 blasphemia
1780 3206 1894 3258 atque
1911 3194 1994 3235 des-

1770 3264 1922 3307 petatio
