2206 3480
304 73 422 129 DE.
459 70 970 128 VIRTVTIBVS
1011 73 1600 130 ROMANORVM.
1680 78 1787 144 -141‘

117 172 162 227 A
187 170 320 228 potest
330 200 341 216 ‚
356 181 420 211 aut
433 185 539 212 mors
549 174 635 212 viro
647 172 762 227 digna
772 187 787 212 .·
810 171 996 213 cedendo
1009 181 1203 216 neutrum
1229 171 1273 212 &
1292 170 1401 211 certe
1414 174 1517 211 inter
1530 185 1633 212 arma
1647 171 1785 215 fortius

186 229 342 270 militem
354 230 498 270 cadere
511 252 523 273 2
547 243 661 285 quam
676 229 850 270 deditum
867 228 1026 284 iugulari
1042 244 1051 268 ε
1084 229 1141 270 ibi
1165 229 1319 270 virtutis
1344 228 1546 284 plurimum
1569 227 1645 268 effe
1658 230 1789 284 potest

188 287 233 327 &
256 285 355 327 solet
366 315 375 330 ‚
399 286 466 327 hic
490 288 652 343 ignauiae
669 287 876 342 plurimum
893 318 903 328 .
931 288 1145 343 Praeponet
1167 286 1349 327 virtutem
1372 286 1595 341 ignominiae
1613 286 1784 342 quisquis

190 345 315 385 virum
331 344 490 386 redolet
506 376 514 384 .

247 401 343 441 Non
357 405 394 441 in
409 402 588 444 victoria
597 398 720 441 solum
732 403 872 441 Fortes
889 400 1028 441 milites
1036 400 1147 443 istos,
1170 397 1234 440 sed
1249 402 1290 440 in
1304 400 1421 442 clade
1431 404 1548 442 etiam
1567 402 1609 443 δε
1623 412 1765 443 morte,
1778 418 1789 443 ε

189 458 306 499 Miles
318 461 354 499 in
368 458 558 499 Cannensi
568 454 707 512 praelio
719 485 729 501 ‚
743 470 831 498 cum
845 456 1068 498 vulneribus
1079 454 1280 498 confestus
1291 485 1301 501 ‚
1321 472 1452 498 manus
1468 459 1583 499 etiam
1595 458 1788 503 mutilatus

191 514 284 557 effet
295 545 304 557 ‚
329 513 496 569 spoliare
521 512 555 554 se
579 515 759 554 conantis
785 516 969 555 Numidae
994 517 1189 554 ceruicem
1222 513 1395 564 brachijs
1415 516 1603 556 inuadens
1627 545 1639 559 ,
1661 517 1710 557 ad
1735 515 1788 561 se,

191 573 337 616 traxit,
358 572 400 611 ὃ(
413 572 566 612 naribus
579 581 699 626 atque
710 571 864 613 auribus
881 569 1048 611 corrofis
1061 570 1183 623 (cum
1195 569 1267 610 alia
1277 570 1356 610 tela
1369 585 1447 611 non
1461 570 1599 616 essent.
1625 583 1691 613 aut
1706 584 1786 616 tra-

191 626 474 682 starepoffet)
494 627 670 670 deforme
685 627 859 669 cadauer
872 625 1146 683 aspicientibus
1158 626 1318 681 reliquit
1330 657 1338 666 .
1363 628 1465 668 Haec
1478 628 1527 669 de
1539 629 1720 670 militibus
1737 663 1746 672 .

182 714 185 723 2
251 686 390 726 Duces
405 689 523 726 etiam
540 699 672 726 eorum
687 687 814 736 eximii
831 700 842 731 ;
863 695 904 726 vt
929 697 1068 740 parens
1082 684 1149 724 ille
1161 682 1375 727 Romulus,
1397 694 1438 723 vt
1458 684 1660 725 M.Furius
1675 715 1683 729 ‚
1707 688 1785 727 Ca-

182 741 337 786 minus,
367 754 407 782 vt
419 743 460 783 L.
471 745 643 797 Papirius
661 741 831 788 Cursor,
851 752 894 783 vt
914 742 975 783 Μ.
988 740 1174 783 Claudius
1187 739 1398 782 Marcellus
1409 741 1688 796 igneoimpetu
1703 772 1715 786 ,
1745 754 1785 784 vt

179 799 390 854 ·QFabius
408 799 605 842 Maximus
617 798 757 841 salubri
772 799 958 842 tarditate
971 828 982 844 ‚
1010 809 1053 840 vt
1072 800 1113 840 P.
1125 800 1260 853 Scipio
1277 795 1493 839 Africanus
1504 799 1620 840 Prior
1631 798 1786 841 diuina..

190 857 385 900 felicitate
396 887 409 902 .
421 858 464 898 ὃ(
476 857 677 898 Posterior
692 858 825 900 diuina
841 861 984 899 virtute
994 872 1006 902 ;
1017 867 1059 897 vt
1068 855 1239 911 denique
1249 866 1373 910 caput
1389 855 1432 895 &
1443 855 1598 896 culmen
1610 859 1657 897 C.
1670 855 1783 896 Iulius

182 912 319 956 -Caesar
328 913 504 959 fortuna.
519 915 661 969 peritia
677 944 687 959 ‚
701 915 961 971 magnitudine
975 937 986 958 ‚
1005 914 1049 955 &
1065 913 1271 954 celeritate
1284 914 1398 953 animi
1406 908 1520 967 super
1536 927 1670 954 omnes
1683 935 1695 956 ‚
1718 917 1785 967 qui

188 985 293 1012 arma
302 972 594 1016 trastaruntvaut
608 972 842 1018 trastabunn
860 974 901 1013 &
916 971 1006 1028 post
1016 985 1103 1012 eum
1115 968 1374 1012 flaccescente
1385 970 1458 1009 iam
1476 971 1652 1010 Romana
1667 970 1784 1011 indo-

121 1006 160 1064 B
187 1028 227 1069 le
239 1029 500 1071 Germanicus
512 1026 651 1074 Caesar,
660 1044 775 1085 quem
790 1041 1002 1085 properata
1017 1043 1122 1070 mors
1132 1029 1279 1084 eripuit
1289 1041 1306 1072 ς.
1317 1038 1382 1068 aut
1393 1030 1509 1081 magis
1521 1027 1632 1067 certe
1646 1028 1784 1068 Traia-

182 1099 258 1127 nus
280 1089 476 1142 optimus,
499 1086 759 1142 maximusque
774 1118 785 1130 .
812 1086 876 1129 Isti
900 1097 964 1129 tot
979 1085 1165 1142 :hostibus
1177 1099 1254 1126 vno
1277 1096 1458 1138 tempore
1481 1096 1580 1124 terra
1595 1087 1784 1139 marique,

178 1144 330 1188 seinai,
341 1143 493 1185 stabant
504 1142 655 1199 semper
665 1146 861 1190 interriti;
886 1158 961 1185 nec
976 1143 1082 1186 aliud
1096 1147 1248 1185 interim
1263 1141 1387 1183 oculis
1402 1164 1415 1185 ι
1437 1139 1666 1195 auribusque
1681 1140 1781 1182 inso-

186 1199 311 1242 nabat
320 1202 390 1241 illis
403 1227 418 1247 ‚
438 1215 556 1256 quam
571 1201 713 1242 hostile
728 1234 739 1243 .
1325 1229 1326 1233 =

239 1257 336 1298 Hoc
349 1271 464 1298 vnum
478 1258 641 1303 addam,
661 1259 775 1314 quod,
792 1272 882 1300 vera
904 1258 1114 1299 Fortitudo
1135 1273 1215 1299 non
1238 1260 1275 1298 in
1294 1256 1403 1297 bello
1413 1265 1560 1296 tantumv
1571 1264 1782 1310 appareat,

175 1326 313 1356 verum
324 1315 369 1355 &
383 1317 421 1355 in
432 1315 548 1358 lecto,
567 1316 605 1356 in
620 1329 700 1370 quo
712 1329 861 1370 corpus
874 1319 1000 1357 iaceat
1015 1349 1024 1357 .
1039 1315 1208 1357 Pulchre
1223 1316 1269 1355 B.
1280 1313 1635 1355 Laur.1ustinianus
1647 1312 1696 1352 de
1708 1314 1781 1353 Pa-

175 1372 317 1413 tientia
330 1385 458 1425 cap.4.
472 1375 507 1412 in
514 1374 600 1427 quit
611 1386 623 1413 .-
638 1376 707 1412 Per
715 1373 967 1427 infirmitatem
978 1376 1136 1426 corporis
1145 1374 1338 1423 experitur
1350 1369 1457 1410 homo
1470 1372 1651 1409 virtutem
1664 1370 1782 1414 animi

166 1426 232 1482 fici
242 1443 251 1470 ε
261 1427 458 1484 mnsblum
471 1432 511 1469 in
524 1432 634 1473 mari,
641 1439 710 1470 aut
716 1432 756 1470 in
768 1429 860 1471 bello
870 1429 956 1484 >fid
962 1434 1072 1470 etiam
1085 1433 1125 1470 in
1142 1431 1230 1470 Icelo
1244 1436 1400 1482 apparet
1414 1430 1534 1467 virtus
1543 1457 1553 1468 .

650 1546 1331 1599 CONSTANTIA.

281 1658 486 1701 Onstantia
500 1660 537 1698 in
564 1658 640 1700 hac
658 1667 774 1713 gente
789 1661 1036 1705 admiranda,
1059 1673 1131 1700 nec
1151 1659 1244 1700 alios
1257 1661 1295 1698 in
1308 1657 1383 1697 hac
1394 1654 1709 1709 comparandos;
1737 1666 1783 1696 vt

299 1716 465 1772 protulit
486 1717 634 1758 Mutius
645 1732 663 1758 s
688 1720 736 1758 Et
751 1716 883 1771 facere
904 1719 951 1762 &
974 1721 1059 1771 pati
1071 1716 1199 1768 firtia
1223 1719 1428 1756 Romanum
1451 1712 1527 1753 est.
1555 1712 1650 1753 Hoc
1667 1712 1783 1753 nobis

165 1774 356 1829 exemplis
369 1778 609 1828 proponitur
624 1790 634 1820 ;
661 1776 830 1830 Pyrrhus
842 1779 879 1816 in
896 1776 1047 1817 Italiam
1061 1785 1223 1817 venerat
1234 1787 1321 1814 cum
1338 1774 1430 1811 noui
1450 1772 1599 1824 generis
1612 1798 1624 1815 ‚
1646 1768 1781 1824 gentis-

102 1841 153 1892 (ζ
171 1847 248 1889 que
260 1834 415 1886 copijs;
441 1834 485 1872 &
503 1836 540 1872 in
567 1836 700 1887 primis
720 1832 899 1873 inaudito
915 1832 1206 1888 Elephantuum
1220 1841 1394 1871 terrore:
1418 1827 1548 1868 vietor
1572 1826 1784 1881 grandibus

101 1887 105 1898 ²
171 1889 405 1946 praelijs'‚·ac
415 1889 615 1944 trigesimo
626 1890 727 1944 pene
742 1889 870 1945 lapide
883 1894 1048 1933 Romam
1061 1887 1318 1944 prospexerat
1332 1885 1523 1930 :Romani
1535 1883 1780 1923 nihilominus

173 1947 349 1988 oblatam
362 1946 430 1987 fibi
446 1960 584 2001 pacem
601 1945 788 1997 respuunt
800 1977 810 1991 ,
839 1947 882 1987 &
899 1947 1051 2002 legatos,
1069 1949 1146 1985 eius
1158 1945 1238 1985 hoc
1254 1941 1439 1997 responso
1452 1940 1651 1980 dimittunt
1663 1953 1676 1978 .·
1694 1942 1782 1993 Pyr-

171 2004 261 2045 rhus
272 2006 291 2043 I
292 2004 420 2044 taliam
431 2017 511 2044 cum
522 2004 634 2058 copijs
650 2004 819 2043 excedito
834 2019 844 2044 :
869 2003 940 2044 vbi
951 2001 1138 2058 excffrit
1148 2031 1160 2046 ,
1181 2002 1226 2040 de
1233 2003 1324 2039 Pace
1328 1998 1372 2047 st
1385 1997 1490 2036 volet
1496 1998 1617 2047 agito:
1630 1995 1779 2052 nisiex-

171 2060 304 2115 cgsserit
314 2073 438 2106 ,arma
450 2090 461 2105 ‚
481 2061 529 2104 ά·
545 2064 647 2100 viros
659 2089 669 2104 ,
695 2061 742 2103 &
754 2063 866 2099 aciem
880 2060 1074 2110 expeuato
1086 2072 1100 2097 .·
1126 2070 1242 2110 neque
1250 2054 1486 2094 destituturus
1501 2052 1548 2092 ab
1557 2055 1698 2104 incepto
1713 2051 1756 2106 st'
1770 2076 1783 2096 ,

172 2121 282 2158 etiam
300 2119 346 2171 fi
350 2129 472 2171 pugna
487 2116 626 2167 vicg'sset
636 2148 644 2156 .
680 2117 959 2156 Romanienim
971 2118 1088 2155 moris
1097 2123 1178 2154 erat
1193 2111 1341 2166 semper
1353 2115 1391 2151 in
1407 2109 1517 2151 bellis
1527 2109 1620 2150 nihil
1632 2121 1781 2151 armato

172 2174 409 2229 hostilargiri
426 2171 513 2227 „sed
528 2173 591 2212 vbi
602 2172 731 2227 posita
745 2172 865 2213 essent
877 2187 993 2214 arma,
1008 2170 1265 2212 conditiones
1278 2168 1380 2209 ferre
1395 2180 1523 2221 aequas
1535 2190 1547 2209 ‚
1563 2167 1780 2221 &inexpe·.

172 2232 293 2272 <statas
309 2246 321 2276 ;
340 2242 381 2271 vt
394 2228 514 2270 refert
524 2227 733 2285 Dionysius
746 2229 1028 2270 lib.8.Frustus
1041 2239 1164 2277 autem
1180 2226 1419 2268 Constantiae
1429 2228 1466 2264 in
1481 2223 1672 2277 Pyrrhum
1685 2222 1758 2264 fuit
1769 2253 1780 2268 ‚

172 2286 312 2342 sponte
328 2287 433 2328 ltalia
446 2288 553 2326 illum
569 2284 701 2339 fugere
718 2314 728 2329 ‚
750 2283 855 2341 ipsos
866 2289 946 2326 eius
962 2286 1144 2326 dominos
1155 2307 1170 2327 ‚
1183 2284 1417 2338 &potentes
1433 2282 1517 2321 fieri
1529 2314 1537 2322 .
1553 2282 1685 2321 Primo
1697 2281 1782 2321 bel-

173 2346 215 2387 lo
231 2346 387 2386 Punico
397 2342 559 2385 Attilius
570 2342 740 2396 Regulus
756 2341 873 2384 C6sul
887 2346 993 2383 viuus
1007 2346 1044 2383 in
1058 2341 1223 2383 hostium
1246 2338 1438 2394 potestate
1456 2352 1542 2379 cum
1560 2348 1651 2377 toto
1668 2352 1779 2378 exer-

175 2402 263 2443 citu
286 2399 498 2456 oppressus
513 2400 598 2446 ’,δε
622 2400 672 2440 de
692 2398 871 2441 claffibus
894 2400 991 2441 illius
1007 2398 1134 2441 refert
1155 2402 1268 2441 etiam
1295 2396 1503 2451 Polybius:
1531 2395 1776 2447 Septingentas

173 2461 452 2514 quinqueremes
461 2472 503 2497 eo·
516 2456 605 2497 bello
617 2453 775 2513 amiffirs·
809 2460 874 2499 Ex
887 2471 1052 2513 quorum
1074 2457 1258 2499 militibus
1285 2455 1328 2496 δε
1348 2452 1558 2508 remigibus
1575 2463 1776 2492 trecenta„

176 2516 375 2557 hominum
386 2515 505 2556 millia
519 2511 675 2569 perijffe
685 2539 699 2559 ,
710 2527 760 2556 ex
772 2514 913 2557 eodem
925 2514 1091 2569 Polybio
1102 2513 1296 2569 colligitur
1305 2544 1314 2553 .
1348 2513 1491 2555 Tertio
1506 2508 1612 2548 bello
1625 2509 1777 2549 Punico

174 2572 347 2615 Annibal
364 2569 525 2612 summus
539 2572 746 2610 Ducumin
768 2572 911 2612 ltaliam
929 2573 1060 2615 venit,
1083 2572 1206 2613 tribus
1225 2569 1368 2625 praelijs
1381 2580 1535 2622 magnus
1554 2565 1703 2610 νὶίὶατ,
1733 2566 1778 2607 &

176 2626 622 2671 vltimoillo-*Cannenfi
636 2647 653 2670 >
670 2641 760 2683 vquo
784 2638 910 2670 torum
933 2628 1087 2670 virilem·
1104 2631 1323 2669 Romanum
1337 2622 1562 2679 sanguinem}
1576 2621 1770 2664 exhausit:

99 2661 156 2734 p
177 2686 459 2740 quinquaginta
477 2684 596 2738 millia
617 2683 842 2727 seh-‚diorum
865 2685 1031 2727 militum
1050 2681 1128 2726 una
1145 2699 1232 2725 cum
1244 2683 1373 2724 altero
1384 2679 1594 2726 Consulum
1606 2693 1695 2721 cum
1710 2691 1777 2721 tot

178 2742 387 2787 Tribunis,
401 2744 444 2785 &
455 2742 764 2785 Centurionibus
775 2773 785 2787 ‚
800 2743 1079 2787 Senator-ioum:
1097 2740 1305 2797 Equitibus
1316 2741 1507 2783 Romanis·
1513 2748 1696 2793 pereum
1711 2736 1774 2778 sed

174 2812 312 2854 magna
325 2800 648 2854 Populi-Romani
660 2798 829 2849 ‚ffortuna’
841 2815 855 2842 ε
874 2801 1020 2852 Semper
1036 2802 1078 2840 in
1092 2800 1196 2840 malis
1206 2800 1326 2840 maior
1343 2795 1569 2851 resurrexit,
1583 2808 1634 2835 -vr
1645 2798 1775 2848 inquit

174 2856 494 2910 florusfpueros,
509 2855 635 2902 senes,
649 2858 800 2899 vinstos
815 2857 963 2902 ‚seruos
977 2859 1159 2902 armauit3
1173 2853 1444 2898 &imbecillm'
1459 2863 1522 2899 aut
1533 2851 1651 2896 foedo
1662 2863 1775 2895 exer-

177 2915 264 2956 citu
278 2915 460 2955 vistrices
472 2913 556 2954 illas
566 2917 704 2971 copias
712 2914 958 2970 profligauit:
973 2926 1019 2956 vt
1033 2918 1250 2970 propterea
1261 2911 1498 2952 Claudianus
1512 2941 1522 2952 .

187 2985 200 2994 ·’
400 2974 622 3024 Numquam
639 2970 834 3024 succubuit
851 2974 1017 3014 damnis,
1044 2972 1092 3014 ό·
1111 2975 1244 3011 territa
1264 2969 1365 3009 nullo

325 3054 329 3061 ›
377 3039 380 3044 ·
405 3027 575 3072 Vulnere,
593 3026 680 3079 posi
697 3031 845 3068 Cannas
860 3031 1000 3071 maior,
1017 3027 1266 3082 Trebiamque
1279 3023 1488 3076 fremebat.

178 3089 226 3127 Et
236 3086 366 3132 Liuius
380 3084 687 3137 Magnitudinem
704 3085 835 3137 Populi
855 3087 1015 3126 Romani
1031 3085 1190 3140 aduersis
1201 3082 1321 3137 prop?
1333 3080 1441 3122 rebus
1461 3075 1770 3121 admirabiliorem

178 3156 289 3198 quam
307 3139 561 3197 ficundiscffi’.

185 3224 191 3228 „
235 3196 364 3243 Animi
377 3199 521 3242 excelli
537 3200 738 3243 Romanos
749 3197 854 3243 fuiffe
866 3199 1164 3257 conflatiquos
1178 3212 1258 3240 non
1271 3210 1392 3253 arma,
1415 3207 1492 3236 non
1511 3195 1622 3244 minae
1635 3221 1645 3236 ‚
1671 3206 1774 3234 non..

241 3270 259 3287 i.
311 3284 313 3287 .
1547 3260 1720 3292 tormen·

0 135 2 156 l

0 157 1 185 l
