2206 3480
314 102 424 153 ΒΕ
474 99 997 154 COLVMNIS
1049 100 1151 153 IN
1203 102 1474 156 VRBE.
1649 110 1715 170 47

29 206 68 259 A
97 194 207 253 quod
219 210 269 240 ex
284 192 500 252 profligato
512 209 638 251 nuper
647 194 824 235 exercitu
838 221 847 236 ‚
871 191 1056 249 signisque
1070 191 1268 249 legionum
1282 191 1420 234 amiffis
1447 205 1704 250 conceperat.

160 254 274 306 Dacij
291 254 500 304 Pannoniis
518 255 561 294 &
573 255 748 293 Sarmatis
762 249 845 292 sunt
859 253 1152 297 contermini‚&
1163 249 1428 307 pugnaciffinii
1443 251 1582 292 milites
1597 252 1705 308 (glo-

75 330 76 336 ¹
100 309 301 354 tiabantur
314 316 413 353 enim
432 309 534 351 suum
550 309 718 351 incolam
736 306 1024 349 Martemfuiffe
1038 332 1048 351 ,
1072 319 1114 353 vt
1128 309 1255 350 allufit
1266 310 1407 364 Virgil.
1427 308 1591 349 Aeneid.
1610 311 1704 350 Gra-

74 359 82 389 f
100 369 298 424 diuumque
310 368 601 413 Patrem‚Geticis
613 369 680 420 qui
687 365 854 419 praestdet
865 364 998 418 aruis.)
1011 364 1266 421 Transyluani
1276 396 1284 410 ‚
1298 370 1409 409 Vvan
1416 366 1500 407 achi
1513 395 1523 410 ,
1539 367 1581 406 &
1597 368 1703 409 Mol.-

102 426 322 468 dauihodie
339 426 458 477 Dacij
477 424 571 464 dicii
592 436 601 463 :
626 425 695 478 qui
711 417 808 478 saepe
832 421 990 462 multum
1008 421 1230 463 detrimenti
1258 427 1445 466 Romanis
1462 423 1698 466 intulerunt.

102 484 183 525 Sub
196 481 384 525 Cotisone
397 482 497 522 enim
509 494 598 535 rege
612 481 649 518 in
665 480 884 521 Pannonias
898 507 907 523 ‚
935 480 978 518 &
995 479 1157 520 Moesias
1169 482 1599 534 irruperuntconcreto
1612 482 1701 537 gelu

101 540 290 584 Danubio
311 554 320 580 :
348 550 488 580 contra
502 550 601 595 quos
616 539 666 578 C.
681 536 869 578 Lentulus
883 535 931 576 ab
949 536 1123 590 Augusto
1136 536 1261 578 missus
1291 566 1300 581 ,
1322 548 1399 578 tres
1423 552 1556 578 eorum
1574 541 1702 580 Duces

99 611 186 639 cum
207 599 349 652 magnis
363 598 494 652 copijs
508 595 657 636 deleuit
675 597 920 635 :citeriorem
934 597 1054 649 ripam
1068 594 1253 649 praefidiis
1273 595 1455 639 muniuit,
1474 593 1560 635 satis
1578 598 1702 638 vieto·

97 656 191 697 riam
203 666 356 709 putans,
371 652 479 708 poffe
493 652 581 695 illos
594 652 810 708 prohibere
832 685 839 694 .
857 652 958 692 Dein
976 651 1166 706 Augustus
1177 652 1331 693 eosdem
1345 665 1532 692 coercere
1547 666 1664 707 parari
1673 669 1701 695 s,

100 713 168 767 qui
183 710 217 752 se
232 715 269 752 in
282 712 449 754 Pontum
461 712 503 752 &
515 709 727 751 Thraciam
747 708 1106 753 effuderant‚morte
1120 721 1343 764 prreuentus
1357 708 1438 750 est.v
1451 710 1550 749 Mox
1566 708 1700 752 Domi-

97 774 222 810 tianus
237 769 442 825 perAlpes
459 767 569 811 Iulias
585 770 724 809 itinere
736 765 839 806 fadio
855 766 1015 807 biennio
1027 769 1250 808 Pannonios
1266 767 1419 808 domuit
1435 795 1444 810 ,
1474 780 1561 806 cum
1577 767 1702 807 nullus

98 826 148 867 ad
159 840 243 867 eum
259 825 360 867 diem
372 824 475 866 ausus
487 822 611 867 fuiffet
626 825 675 868 ad
689 823 913 865 Danubium
933 838 1034 865 arma
1049 824 1256 866 transferre
1269 840 1279 870 ;
1298 825 1470 880 quamuis
1482 823 1699 879 saepeinsul-

96 884 268 925 tantibus
284 882 482 930 barbaris;
500 896 586 924 cum
606 882 722 922 Dacis
736 892 862 922 tamen
881 881 936 921 bis
955 881 1160 923 infeliciter
1178 881 1400 937 congreffus
1414 904 1425 924 ›
1445 882 1578 922 Duces
1596 883 1637 921 ἃ
1652 882 1696 922 si-

95 956 169 995 gna
182 940 330 986 amilit5
356 939 450 981 licet
465 941 571 990 deijs
585 944 722 983 R‘omae
733 942 853 981 vistus
866 941 999 994 potius
1015 954 1127 995 quam
1142 941 1265 981 vietor
1280 939 1533 994 triumphauit
1559 971 1566 979 .
1599 939 1701 980 Sub-

97 998 247 1039 lecutus
263 999 457 1039 Traianus
481 999 681 1038 Dacorum
709 995 947 1048 insolentiam
973 997 1079 1038 haud
1093 997 1237 1039 diutius
1255 996 1453 1038 ferendam
1471 1008 1574 1038 ratus
1593 1020 1604 1039 ‚
1633 997 1699 1036 ad-

35 1039 72 1088 'B
97 1054 222 1097 uersus
238 1069 304 1095 eos
325 1070 427 1097 arma
444 1056 568 1095 mouit
595 1084 604 1099 ,
628 1054 775 1094 duabus
788 1053 897 1095 fastis
914 1054 1234 1111 expeditionibus
1252 1071 1262 1100 ς
1290 1053 1359 1095 sub
1388 1059 1558 1109 priorem
1573 1053 1621 1093 ad
1633 1068 1702 1109 pa-

93 1128 175 1154 cem
192 1114 402 1168 petendam
418 1111 612 1168 supplices
624 1110 840 1167 coegit,sub
854 1111 1109 1166 posteriorem
1126 1113 1251 1153 multis
1265 1112 1408 1167 praelijs
1420 1116 1572 1153 attritos
1585 1109 1619 1151 se
1635 1112 1704 1151 de-

94 1172 188 1211 dere
201 1186 211 1215 ;
223 1170 552 1225 Decebalumque
568 1174 736 1223 ipiorum
748 1184 874 1224 regem
888 1174 924 1209 in
937 1169 1244 1224 desperationem
1258 1168 1403 1225 lapsum
1414 1183 1544 1210 manus
1557 1167 1624 1208 fibi
1641 1172 1700 1209 in-

94 1227 192 1269 ferre
210 1231 341 1282 coegit
367 1261 377 1269 .
404 1230 529 1268 Dacia
551 1230 587 1266 in
614 1229 858 1281 prouinciam
886 1229 1055 1272 Romani
1081 1230 1238 1282 imperij
1260 1228 1420 1268 redafia
1435 1225 1502 1267 sub
1521 1226 1696 1266 Galieno

91 1283 348 1341 perditissimo
369 1289 512 1339 Imper.
542 1282 668 1324 amissa
679 1283 977 1325 est.Aurelianus
995 1285 1330 1340 Imper.desperan
1341 1298 1356 1324 s
1370 1288 1526 1325 retineri
1539 1282 1671 1338 poffz¹
1687 1313 1697 1327 ‚

92 1357 244 1383 omnem
265 1343 427 1383 Daciam
456 1354 562 1384 trans
597 1342 820 1382 Danubium
842 1340 990 1382 sublato
1006 1347 1181 1386 exercitu
1197 1341 1510 1397 prouincialibus
1525 1340 1695 1393 reliquit:

89 1399 289 1454 hodieque
302 1402 434 1440 Seruia
451 1401 494 1440 &
508 1398 684 1453 Bulgaria
699 1409 958 1454 nuncupatur,
978 1410 1018 1439 vt
1032 1401 1228 1455 Vopiscus
1251 1400 1288 1439 in
1306 1399 1524 1440 Aureliano
1542 1395 1699 1442 scribit;

92 1458 286 1508 &partim
326 1458 546 1497 Turcarum
560 1457 754 1511 Tyranno
766 1455 919 1496 subsunt
933 1485 944 1500 ‚
968 1460 1110 1511 partim
1122 1460 1329 1512 proprium
1341 1456 1564 1510 Principem
1580 1468 1701 1508 agno-

87 1513 197 1554 scunt
215 1543 225 1557 ,
244 1526 357 1567 quem
377 1513 494 1567 vulgo
511 1513 731 1555 Vaiuodam
747 1522 893 1553 vocant
908 1540 916 1548 ·

143 1569 333 1610 Columna
347 1570 465 1611 altera
481 1571 619 1611 Romae
631 1570 680 1611 ad
693 1569 892 1626 exemplar
903 1568 1074 1624 praefatae
1087 1572 1247 1613 Traiani
1257 1570 1487 1626 fastmquam
1500 1570 1553 1608 M.
1569 1573 1697 1611 Aure·
1724 1575 1858 1605 Columna
1869 1582 1951 1607 Amc-

84 1627 155 1668 lius
173 1630 391 1682 imperator
405 1627 616 1668 Antonino
628 1628 701 1668 Pio
716 1627 910 1682 August.in
925 1628 1041 1683 Capo
1052 1629 1202 1670 Martio
1215 1643 1303 1670 area
1326 1629 1508 1677 Flaminii
1527 1627 1692 1670 dicauit,
1721 1622 1797 1644 ''¹⁷²‘'

85 1698 171 1740 quae
184 1684 314 1726 adhuc
325 1683 453 1726 vifitur
465 1687 567 1726 rimis
581 1683 783 1726 dehiscens
794 1715 805 1729 ‚
828 1687 985 1741 ignique
998 1699 1210 1742 parumper
1219 1686 1437 1728 deformata
1459 1715 1469 1729 ‚
1501 1699 1541 1725 ac
1551 1688 1698 1728 etiam.»

82 1741 170 1785 satis
184 1741 378 1784 inferioris
394 1741 552 1794 artificii
567 1741 628 1784 illa
639 1743 802 1783 'Praiani
813 1767 823 1787 ‚
839 1757 952 1799 quam
967 1743 1035 1785 ista
1049 1745 1207 1786 excellit
1226 1743 1334 1795 xlvij.
1355 1744 1499 1800 pedum
1524 1741 1694 1796 longitu*

82 1801 176 1841 dine
200 1830 210 1846 ‚
239 1811 381 1855 vtpote
393 1815 478 1854 quae
507 1802 584 1842 alta
612 1800 657 1841 fit
680 1799 787 1856 ped-[¹
800 1801 931 1842 clxxv.
947 1802 1142 1856 &gradus
1152 1802 1296 1844 habeat
1330 1804 1431 1852 ccvj.
1463 1798 1696 1843 fenestrellas

15 1878 61 1928 C
82 1872 177 1899 vero
191 1858 306 1910 lvj.P.
322 1860 492 1900 Vicstore
508 1857 715 1900 attestante
739 1872 749 1898 .·
775 1859 814 1898 in
829 1863 938 1899 cuius
957 1854 1168 1900 summitate
1192 1861 1265 1900 iam
1280 1856 1628 1900 extabatColoffirs
1641 1860 1695 1897 in·

81 1928 172 1971 gens
185 1946 195 1960 ‚
208 1917 275 1970 qui
289 1919 488 1971 imaginem
500 1913 617 1970 ipfius
629 1919 823 1958 Antonini
835 1916 894 1967 Pij
911 1914 1128 1961 referebat,
1144 1921 1230 1958 vtin
1247 1920 1404 1956 nummis
1420 1914 1588 1967 antiquis
1606 1917 1696 1968 :qui

82 1972 204 2013 hodie
220 1987 296 2013 non
311 1985 421 2014 extat
432 2005 441 2013 .
476 1973 681 2015 Columnae
692 1973 802 2014 huius
817 1974 1068 2013 crestioideo
1081 1989 1100 2012 a
1126 1978 1161 2014 S.
1175 1976 1214 2013 P.
1225 1974 1337 2024 QR.
1352 1971 1451 2011 faeta
1462 1999 1472 2014 ‚
1494 1983 1535 2010 vt
1557 1973 1696 2025 optimi

82 2032 278 2085 Principis
293 2028 522 2085 cunffisque
537 2028 720 2071 cariffimi
753 2033 938 2069 memoria
958 2028 1167 2081 supereffet
1189 2041 1335 2070 aeterna
1353 2058 1364 2072 ,
1399 2041 1604 2082 rerumque
1628 2042 1694 2082 ge—

81 2087 220 2129 starum
231 2089 357 2143 gloria
373 2098 489 2143 atque
499 2086 669 2128 serarum
690 2089 859 2141 gentium
884 2085 1056 2127 viftoriae
1084 2086 1134 2127 ad
1151 2085 1397 2140 posterorum
1412 2087 1589 2125 notitiam
1607 2083 1693 2140 per-n

82 2148 265 2185 uenirent
282 2142 456 2199 :ipfique
469 2142 949 2200 prae-tereaaffentarentur
970 2146 1007 2182 in
1033 2144 1182 2185 Vrbem
1197 2157 1246 2184 ex
1271 2141 1362 2185 Afia
1387 2146 1516 2184 venire
1550 2156 1692 2196 paran-

82 2205 131 2244 ti,
145 2210 186 2241 vt
195 2200 320 2241 forum
334 2201 444 2256 quod
454 2199 534 2256 ipse
545 2203 713 2240 omnium
735 2198 1045 2254 elegantiffimum
1062 2200 1356 2244 construxerat,
1372 2198 1670 2254 complanarent
1683 2230 1692 2242 ,

85 2259 128 2299 &
139 2257 312 2312 vndique
323 2255 578 2312 conspicuum
589 2256 805 2298 redderent
814 2268 946 2298 monte
961 2267 1023 2298 tan
1033 2257 1322 2303 multitudinis,
1332 2269 1485 2314 quantae
1500 2256 1694 2297 Columna

82 2318 238 2358 extitit,
255 2314 346 2354 inde
377 2314 566 2371 congesto
583 2325 740 2369 :.vtque
764 2329 807 2355 ea
833 2315 952 2356 moles
971 2315 1070 2356 illius
1092 2315 1181 2371 post
1206 2315 1358 2356 obitum
1385 2314 1579 2356 cineribus
1593 2318 1693 2355 reci-

82 2373 237 2428 piendis
263 2371 339 2412 vsui
358 2370 432 2413 effe
463 2370 589 2428 poffet
607 2386 616 2412 :
640 2386 718 2412 non
731 2369 839 2413 secus
861 2383 979 2428 atque
1007 2373 1280 2428 Memphiticae
1315 2373 1535 2428 pyramides
1564 2373 1601 2411 in
1629 2385 1692 2411 re·

83 2444 170 2485 gum
181 2430 478 2485 Aegyptiorum,
492 2428 734 2470 Mausoleum
746 2430 906 2486 Augusti
922 2428 1005 2474 ‚sua
1018 2430 1152 2485 postea
1166 2431 1284 2471 moles
1298 2428 1691 2474 Hadriani,Columna

84 2487 202 2529 altera
214 2488 376 2528 Traiani
395 2517 405 2532 ,
434 2487 477 2528 ὃς
502 2489 770 2542 Septizonium
798 2489 951 2534 demum
972 2490 1156 2543 Septimii·
1178 2491 1311 2530 Seueri
1326 2489 1540 2529 Pertinacis
1561 2485 1687 2541 sepul-

85 2557 152 2586 cra
164 2543 328 2585 cessere.

141 2601 338 2644 Caeterum
349 2607 525 2658 quamuis
538 2603 696 2658 praefata
714 2605 773 2646 M.
786 2606 979 2649 Antonini
1001 2604 1196 2646 Columna
1217 2607 1291 2646 iam
1314 2602 1541 2644 declinante
1557 2605 1686 2657 Impe-

83 2658 144 2699 rio
157 2658 520 2716 fabricata‚quando
535 2662 704 2706 scientiae
717 2691 727 2706 ‚
739 2677 812 2706 nec
825 2677 903 2703 non
919 2675 1050 2703 omnes
1063 2673 1164 2704 artes
1176 2662 1370 2706 liberales,
1390 2659 1686 2701 &mechanicae

0 2702 53 2760 D
80 2717 155 2756 iam
167 2727 275 2756 erant
288 2717 541 2766 diminutae3vt
551 2732 766 2777 propterea
777 2720 844 2761 ista
857 2733 935 2760 non
950 2718 1066 2761 fuerit
1082 2720 1165 2761 tito
1179 2719 1348 2761 artificio
1363 2717 1563 2760 elaborata
1577 2715 1687 2761 ficuti

77 2776 151 2814 iam
165 2774 316 2828 pridem
328 2774 443 2817 altera
459 2779 620 2819 Traiani
641 2793 649 2819 :
674 2777 900 2820 admiranda
922 2788 1048 2818 tamen
1065 2778 1179 2818 nobis
1201 2777 1288 2819 haec
1309 2776 1363 2817 est
1380 2785 1550 2832 propter
1567 2773 1687 2814 histo-

77 2833 171 2872 riam
185 2834 221 2871 in
235 2833 499 2886 ea-exprefl'am
514 2834 581 2875 sub
593 2836 760 2877 Ethnico
777 2838 1031 2890 Imperatore,
1045 2849 1122 2890 qua
1137 2839 1260 2876 maior
1274 2832 1467 2877 attestatio
1483 2847 1562 2873 non
1576 2840 1687 2872 extat

75 2891 114 2928 in
129 2886 306 2929 omnibus
319 2890 594 2933 Ecc-lefiasticis
609 2892 828 2935 Annalibus
841 2893 891 2932 cle
905 2897 1001 2933 veris
1012 2892 1202 2933 miraculis
1216 2890 1447 2934 Christianae
1465 2891 1683 2943 religionis;

75 2959 154 2985 non
166 2945 286 2986 modo
301 2946 485 3001 peripsos
499 2950 688 2995 Ethnicos
705 2947 916 3004 scriptores
930 2979 939 2994 ,
965 2964 1094 2990 verum
1116 2950 1160 2989 ὃς
1185 2954 1221 2990 in
1245 2950 1321 2990 hac
1345 2949 1478 2989 eadem
1491 2946 1682 2987 Columna

74 3001 239 3058 scalptis,
259 3012 298 3043 vt
311 3002 431 3043 hodie
447 3005 669 3047 necfuturis
686 3005 928 3061 temporibus
939 3009 1154 3062 impugnari
1167 3012 1244 3047 eius
1259 3009 1395 3048 veritas
1409 3000 1546 3058 possit.

131 3060 330 3114 Siquidem
349 3072 391 3102 vt
405 3061 524 3102 refert
549 3065 667 3104 Card.
685 3064 830 3103 Baron.
844 3074 935 3103 tom.
961 3077 998 3105 2.
1013 3065 1151 3106 Annal.
1183 3063 1252 3105 sub
1264 3076 1366 3104 anno
1388 3066 1477 3106 176.
1497 3072 1582 3098 cum
1596 3059 1678 3098 Ro-

74 3119 174 3156 mani
196 3118 246 3157 ab
265 3120 412 3173 ingenti
434 3119 597 3161 hostium
618 3120 861 3161 multitudine
884 3119 1095 3177 aliquando
1120 3124 1174 3163 ita
1197 3118 1371 3161 conclufi
1393 3115 1547 3158 fuissent
1571 3117 1678 3170 apud

74 3171 294 3216 Cornutum
312 3178 508 3232 oppidum
527 3182 563 3218 in
580 3178 838 3234 expeditione
860 3178 1182 3220 Marcomannica
1196 3207 1204 3222 ,
1226 3188 1266 3217 vt
1278 3175 1430 3216 exlocis
1442 3172 1678 3214 difficillimis

71 3229 178 3271 nulla
192 3233 370 3274 exeundi
382 3248 456 3276 nec
468 3239 503 3278 vi
517 3265 527 3283 ‚
544 3249 617 3278 nec
631 3247 716 3278 arte
730 3233 892 3278 facultas
909 3236 1074 3278 daretur
1087 3251 1098 3281 ς
1123 3248 1242 3291 atque
1255 3232 1410 3289 insuper
1425 3242 1507 3273 tum
1521 3229 1601 3281 alijs
1620 3234 1677 3269 in-

1516 3301 1622 3329 com-
