2206 3480
251 3048 256 3054 '
301 3048 307 3056 ⁸
334 3054 359 3072 rr
382 3065 391 3070 .

174 3050 389 3126 ιτῗῖῑῑῖπζῖτὸβ·
415 3079 538 3121 bimus
551 3095 655 3121 nunc
673 3081 721 3121 de
739 3081 899 3134 Pompae
910 3092 1114 3134 apparatu,
1130 3093 1176 3121 ac
1196 3080 1290 3119 Ritu
1302 3076 1557 3119 traductionis
1569 3106 1578 3116 .
1593 3081 1636 3118 ln
1650 3078 1722 3118 viri
1735 3080 1848 3132 igitur
1860 3076 2020 3116 domum

410 91 508 139 296
592 78 724 129 DE
804 71 1093 126 RITV
1169 70 1987 125 NVPTIARVM.‘

398 167 575 209 iustarum
589 166 809 219 nuptiarum
824 173 902 200 non
920 158 1152 199 adhibetur:
1181 158 1375 211 Papianus
1396 156 1435 197 in
1451 155 1475 197 l.
1498 157 1525 198 si
1546 156 1774 200 adulterium
1789 162 1839 202 D.
1858 162 1941 204 adl.
1955 162 2013 202 Iu.
2051 166 2090 219 A

402 229 487 266 iiam
499 226 549 264 de
566 223 716 263 adulter
730 251 738 259 .
757 217 906 260 Abhac
921 215 1173 269 Cingulorum
1188 214 1455 268 replicatione
1468 217 1629 260 Iunoni,
1644 229 1732 270 quae
1749 219 2017 275 coniugalibus

400 281 623 323 foederibus
638 274 793 332 prxeeffe
807 273 1066 317 credebatur,
1086 275 1235 313 Cinxiae
1254 285 1474 328 cognomen
1487 272 1652 313 inditum
1664 273 1718 314 est
1732 302 1743 318 ,
1774 284 1817 316 vt
1830 289 1880 318 ex
1905 281 2014 319 Sext,

399 342 537 391 Pomp.
555 337 597 375 &
624 332 820 376 Arnobius
844 343 881 371 2.
900 328 1043 371 aduers
1064 330 1186 371 Gent.
1216 333 1267 370 ait
1280 343 1293 369 .-
1322 330 1555 382 cingulorum
1585 332 1735 373 Cinxiae
1759 332 2010 385 replicationi.

398 400 445 439 Et
460 396 603 436 Statius
619 395 655 432 in
673 389 796 444 Syluis
811 403 824 429 :
851 391 931 428 Dat
951 390 1046 430 Iuno
1064 387 1228 427 verenda
1238 388 1390 427 vincula
1403 417 1415 432 ,
1437 387 1484 431 ὠ·
1508 387 1640 442 insigni
1646 392 1809 440 geminat
1818 390 2014 431 concordia

402 452 492 494 taeda
504 482 513 491 .
537 449 654 492 Vnde
669 446 836 490 Athenis
849 445 1033 501 templum
1051 445 1190 485 lunoni
1201 445 1406 485 Soluizonae
1414 444 1599 487 structum
1613 446 1769 502 legimus
1782 447 1887 502 apud
1905 449 2007 490 Pau-

403 510 540 550 faniam
560 507 706 546 &alios
721 533 730 548 ‚
762 507 800 544 in
824 519 901 558 qua
928 502 1213 557 suspendebant
1237 517 1349 543 nouae
1372 513 1506 558 nuptae
1527 516 1667 548 zonas,
1688 519 1783 560 quas
1809 503 2010 546 soluerant

407 561 534 619 sponfi
549 563 597 604 ad
614 562 691 603 illas
705 559 856 616 ingressi
868 594 877 602 .
904 562 969 602 Ad
985 562 1096 616 quod
1109 559 1265 602 allusisse
1286 560 1437 601 videtur
1459 560 1658 615 Propheta
1672 562 1833 603 Baruch
1847 566 2009 617 capit.6.

403 620 491 663 vers
498 634 564 670 42.
580 620 893 660 Mulieresautem
906 617 1136 660 circumdata
1144 616 1304 668 funibus
1323 620 1363 657 in
1380 617 1459 673 vijs
1470 616 1618 671 fident.
1637 620 1714 663 &a
1733 619 1861 665 ‘ldest‚
1892 632 1933 661 vt
1960 633 2011 661 ex

400 679 594 721 Herodot.
610 678 720 719 lib.1.
737 679 1061 732 interpretamur:
1083 674 1252 716 foeminae
1267 677 1316 716 ad
1329 676 1433 716 aedes
1449 678 1613 719 Veneris
1634 683 1741 717 zonis
1763 678 2011 732 praecinecae,

403 736 542 792 quibus
557 738 809 790 virginitatem
819 732 1015 790 professae,
1047 732 1264 786 hospitibus
1280 734 1330 773 ad
1353 735 1446 773 Deae
1470 730 1598 774 fanum
1622 734 1923 775 aduentantibus
1936 749 2012 790 pu-

403 796 539 834 dorem
555 792 794 847 prostituunt
809 820 818 828 .
852 791 976 845 Apud
992 787 1206 844 scriptores
1218 788 1367 831 fasciam
1381 791 1547 846 pudoris
1558 792 1717 846 virginei
1730 789 1872 845 signum
1887 790 2011 832 fuisse,

404 855 615 907 reperimus
627 866 639 890 .·
663 847 901 904 quandoque
917 851 1031 887 etiam
1043 846 1236 888 Castitatis
1246 847 1456 902 coniugalis
1468 846 1547 889 hoc
1562 848 1616 890 est
1643 848 1742 889 fidei
1767 852 2010 890 intemeratae

406 923 495 963 erga
511 910 705 951 maritum;
724 916 763 944 vt
777 908 814 945 in
828 904 1030 961 psalm.44.
1042 904 1166 957 Astitit
1177 904 1347 957 Reginad
1360 906 1508 946 dextris
1517 909 1589 945 tuis
1610 909 1650 945 in
1675 903 1808 955 vestitu
1830 905 2010 946 deaurato

403 966 593 1005 circadam
607 966 793 1003 varietate
808 994 815 1002 .
831 965 875 1003 Et
894 965 1033 1003 iterum
1047 976 1058 1002 :
1072 965 1199 1003 Omnis
1208 962 1327 1015 gloria
1344 965 1418 1002 eius
1419 962 1514 1017 filiae
1522 965 1626 1015 Regis
1634 962 1682 1003 ab
1692 966 1791 1003 intus
1801 965 1840 1002 in
1842 962 2013 1018 fimbrffs

406 1025 543 1063 aureis.
564 1020 658 1060 Hoc
674 1019 727 1060 est
738 1029 778 1059 vt
792 1029 1008 1075 exponunt,
1022 1023 1059 1060 in
1074 1016 1199 1070 fascijs
1214 1021 1356 1059 aureis:
1375 1018 1481 1074 quasi
1494 1019 1710 1073 significare
1726 1019 1819 1061 velit
1831 1043 1842 1064 ‚
1858 1034 2011 1061 omnem
2040 1004 2078 1054 Β

405 1081 564 1137 gloriam
580 1077 691 1118 castae
706 1075 851 1131 sponsae
866 1091 946 1117 non
960 1076 1033 1117 effe
1048 1077 1085 1117 in
1098 1087 1265 1118 externo
1277 1076 1385 1116 cultu
1402 1074 1507 1116 fitam
1520 1105 1530 1120 ‚
1553 1075 1618 1117 sed
1636 1079 1739 1117 intus
1757 1078 1796 1117 in
1816 1077 2011 1119 Pestorali

404 1135 540 1180 fascia,
555 1135 635 1175 hoc
651 1133 704 1174 est
722 1137 760 1174 in
771 1132 960 1176 fidelitate
975 1133 1184 1190 coniugali,
1197 1147 1310 1189 quam
1323 1131 1438 1175 fascia
1448 1132 1721 1188 repraesentat.
1743 1133 1868 1187 Qod
1882 1138 1921 1176 in
1940 1133 2016 1175 foe-

402 1197 512 1236 minis
523 1192 651 1233 Fascia
665 1220 674 1236 ‚
703 1191 804 1232 idem
821 1192 859 1233 in
876 1193 967 1233 viris
979 1191 1114 1234 eadem
1131 1191 1235 1246 apud
1247 1191 1398 1232 lumbos
1416 1190 1576 1245 religare
1589 1215 1600 1235 2
1623 1202 1666 1232 vt
1688 1189 1868 1234 Christus
1879 1192 2016 1233 admo-

405 1263 473 1293 net
490 1252 594 1305 apud
610 1251 757 1290 Lucam
776 1263 886 1305 cap.1
902 1264 933 1290 1.
946 1250 1028 1290 Sim·
1053 1249 1167 1291 lumbi
1179 1249 1300 1290 venri
1315 1250 1527 1301 praecinHi‚
1556 1250 1603 1292 &⁸
1624 1248 1775 1291 lacerna
1796 1249 1965 1290 ardentes
1975 1252 2017 1289 in

406 1308 572 1351 manibus
582 1306 707 1355 vestris
720 1339 728 1347 .
747 1307 848 1349 Idest
864 1322 910 1348 ne
924 1307 1041 1349 fidem
1055 1307 1271 1348 adstrifiam
1288 1306 1379 1348 Deo
1393 1306 1541 1347 violetis
1552 1337 1560 1346 .
1583 1307 1710 1347 Porro
1722 1305 1868 1361 sponsae
1879 1304 2017 1347 fascia.

405 1366 616 1423 pectoralis
633 1361 766 1406 biffina
780 1365 800 1404 a
816 1363 956 1419 sponso
974 1363 1083 1405 dono
1099 1375 1287 1419 accepta,
1305 1362 1424 1419 ipsam
1440 1362 1678 1404 admonebat
1693 1363 1783 1404 fidei
1800 1362 2016 1418 coniugalis

409 1437 528 1480 atque
552 1425 730 1477 puritatis
745 1451 756 1468 ‚
782 1433 824 1463 vt
834 1420 984 1463 scilicet
994 1421 1212 1463 mammillas
1226 1445 1237 1465 2
1258 1435 1346 1477 quae
1371 1421 1503 1462 cordis
1518 1416 1602 1461 sunt
1615 1421 1853 1462 diuerticula
1864 1419 1947 1460 hoc
1961 1418 2018 1460 est

410 1482 569 1523 affectus
582 1478 666 1521 suos
678 1483 923 1521 continentia
939 1509 950 1526 ,
974 1490 1200 1524 coerceret,
1222 1479 1339 1535 seque
1354 1477 1535 1520 mundam
1560 1475 1687 1534 sponfi
1699 1487 1795 1519 toro
1808 1475 2017 1518 conserua-

408 1550 488 1580 ret.
511 1539 563 1578 Vt
576 1539 709 1579 Latius
724 1537 1046 1594 Vvillalpandain
1061 1537 1313 1581 Ezechielem
1332 1545 1574 1592 tom.1.part.
1589 1548 1623 1577 1.
1640 1548 1730 1591 cap.
1750 1539 1812 1577 16.
1823 1547 1913 1591 pag„
1926 1537 2020 1582 187.

417 1596 550 1637 collat.
566 1610 598 1636 1.
1836 1618 1838 1621 -

465 1655 663 1694 Praeterea
675 1663 715 1695 vt
728 1653 776 1695 ad
789 1652 1041 1709 propositum
1059 1663 1320 1696 reuertamur:
1343 1652 1484 1694 Iunoni
1496 1664 1657 1708 quoque
1671 1649 1867 1692 nubentes
1880 1647 2019 1691 sacra.-

405 1709 595 1752 facientes
610 1709 660 1751 fel
684 1724 771 1753 cum
786 1710 943 1765 reliquis
953 1713 1189 1752 victimarum
1201 1714 1300 1752 extis
1314 1724 1394 1752 non
1410 1709 1693 1765 porrigebant,
1713 1706 1779 1750 sed
1790 1709 1998 1763 demptum
2009 1733 2022 1751 ,

408 1769 452 1807 &
467 1764 647 1807 diuulsum
662 1765 926 1816 abijciebant;
946 1767 1102 1822 mystice
1115 1766 1373 1821 significantes
1399 1780 1553 1806 omnem
1569 1767 1686 1805 bilem
1698 1795 1708 1810 ‚
1738 1767 1782 1805 &
1797 1763 2024 1805 amaritudi-

407 1837 494 1865 nem
508 1824 528 1864 ὲ
542 1825 688 1877 nuptijs
704 1820 829 1864 abesse
847 1834 1039 1877 oportere
1052 1854 1061 1869 ‚
1089 1837 1138 1864 ex
1152 1821 1367 1864 Plutarcho
1379 1820 1498 1862 refert
1508 1822 1714 1862 Brixonius
1730 1820 1780 1860 de
1798 1824 1894 1865 Ritu
1908 1830 2023 1875 nupt.

410 1880 641 1923 Plutarchus
654 1893 813 1934 quoque
827 1907 837 1923 ‚
861 1881 904 1920 ὃς
918 1880 1100 1920 Macrob.
1120 1894 1135 1920 1
1149 1894 1181 1921 1.
1206 1882 1327 1920 Satur.
1344 1892 1502 1934 cap-12.
1515 1878 1653 1921 volunt
1666 1880 1816 1920 Iunium
1830 1876 2026 1919 mensem..

408 1939 630 1994 propitium
653 1935 938 1976 contrahendis
963 1939 1134 1991 nuptijs,
1157 1947 1198 1976 vt
1228 1937 1400 1977 diximus
1422 1936 1527 1977 hunc
1547 1937 1568 1977 a
1590 1939 1740 1978 Iunone
1763 1935 2009 1976 denominari

409 1994 518 2050 quod
531 1996 646 2036 etiam
659 1991 778 2035 refert
788 1994 894 2034 Beda
905 1993 970 2035 lib.
987 1994 1038 2034 de
1051 1995 1206 2035 ratione
1222 2005 1443 2048 temporum
1457 2016 1468 2038 ²
1480 1991 1762 2035 Censorinusin
1776 1992 1842 2033 lib.
1857 1992 1907 2034 de
1924 1991 2027 2053 ἀπ’·

408 2052 527 2094 natali
542 2065 618 2107 cap
639 2066 654 2093 1
665 2057 700 2093 8.
1960 2093 1963 2096 ,

465 2111 595 2164 Iugum
613 2108 939 2151 contrahentibus
952 2110 1241 2151 matrimonium
1258 2110 1407 2163 imponi
1420 2105 1686 2152 consueuerat,
1701 2110 1853 2150 Seruius
1867 2135 1878 2152 ‚
1900 2106 1944 2147 ὅτ.
1960 2105 2029 2148 ifi-

410 2168 531 2209 dorus
544 2178 866 2212 commemorant,
880 2177 921 2208 vt
932 2170 1043 2209 etiam
1057 2167 1214 2208 Plautus
1234 2180 1283 2207 ex
1294 2169 1354 2207 Cu
1361 2180 1403 2206 rc
1412 2165 1550 2206 illione
1562 2179 1575 2204 .·
1590 2167 1671 2206 Iam
1683 2179 1729 2205 ne
1740 2179 1782 2205 ea
1778 2163 1867 2217 fi’rt
1879 2165 2023 2215 Iugum?

412 2225 742 2281 quemadmodum
758 2228 870 2265 etiam
883 2225 1089 2266 Horatius:
1112 2223 1292 2266 Nondum
1300 2221 1573 2277 fithaHaferre
1584 2224 1705 2274 iugum
1716 2223 1824 2262 valet
1834 2223 1972 2261 ceruice
1987 2251 1997 2260 .

470 2282 569 2322 Velo
587 2281 737 2322 obnubi
749 2282 857 2323 solita
872 2296 974 2323 noua
989 2292 1112 2338 nupta
1125 2311 1135 2326 ,
1157 2294 1244 2321 cum
1266 2281 1314 2321 ad
1327 2283 1448 2321 virum
1478 2277 1943 2323 deducereturffertun.
1956 2276 2025 2315 de,

414 2338 727 2393 virgin-veland.
741 2341 818 2380 ait:
838 2346 888 2382 At
904 2343 969 2394 qui
981 2342 1091 2380 etiam
1105 2339 1237 2379 velata
1251 2337 1304 2377 ad
1312 2340 1440 2377 virum
1461 2336 1688 2376 deducuntur
1704 2361 1713 2375 .
1729 2334 1848 2377 Vnde
1868 2335 2025 2387 nuptia·

414 2410 498 2437 rum
514 2409 653 2435 nomen
668 2395 826 2435 eludium
843 2395 937 2439 effe,
948 2398 1116 2437 omnium
1129 2394 1437 2435 Gramaticorum
1451 2391 1528 2433 fert
1540 2392 1701 2445 opinio:
1715 2389 1864 2431 nubere
1879 2392 2023 2436 enim-v,

417 2454 461 2493 &
476 2451 681 2493 obnubere
693 2450 825 2505 priscis
840 2451 968 2491 velare
981 2481 991 2495 ‚
1017 2453 1055 2491 &
1071 2454 1227 2505 operire
1243 2448 1507 2503 significabat,
1525 2457 1568 2488 vt
1590 2450 1695 2488 Sext.
1709 2449 1847 2501 Pomp.
1864 2449 2023 2487 Nonius

416 2508 631 2550 Marcellus
644 2537 654 2553 ,
668 2509 709 2548 ἃ
722 2509 784 2560 alij
798 2518 958 2549 notant.
973 2509 1069 2562 Qo
1083 2511 1121 2548 in
1138 2506 1350 2561 significatu
1370 2506 1522 2546 Arnob.
1533 2503 1643 2558 lib.3.
1659 2502 1840 2545 aduersus
1854 2504 2020 2548 Gentes,

414 2566 494 2606 hoc
508 2566 632 2608 verbo
648 2564 727 2606 vsus
739 2565 792 2606 est
806 2588 817 2609 2
836 2568 1036 2620 inquiens,
1055 2564 1181 2616 Qiod
1198 2577 1296 2618 aqua
1312 2562 1433 2603 nubat
1447 2574 1587 2603 terram
1598 2591 1608 2606 ,
1638 2560 1856 2615 appellatus
1871 2573 2024 2614 cogno-

416 2624 652 2680 minatusque
679 2623 732 2664 est
747 2623 981 2675 Neptunus:
1007 2621 1145 2662 velum
1158 2631 1281 2661 autem
1296 2621 1358 2666 id,
1382 2633 1463 2674 quo
1477 2630 1609 2673 nuptae
1621 2629 1745 2673 caput
1765 2616 2021 2673 operiebatur

415 2679 640 2722 flammeum
656 2680 943 2736 appellabatur,
964 2678 1159 2720 Martia1.1
1173 2692 1205 2718 1.
1216 2681 1335 2732 epigr.
2053 2670 2106 2725 D

585 2739 767 2779 Flammea
785 2746 965 2778 texantur
971 2734 1115 2791 sponfie
1134 2750 1142 2776 ς
1168 2738 1240 2775 iam
1249 2736 1352 2787 Virgo
1358 2742 1500 2786 parata
1514 2729 1568 2772 eff
1585 2761 1596 2778 ‚

643 2795 829 2835 Tondebit
835 2805 968 2846 pueros
983 2798 1055 2834 iam
1070 2806 1166 2833 noua
1179 2801 1295 2844 nupta
1306 2801 1385 2831 tuos
1403 2821 1412 2831 .

415 2854 461 2894 Et
476 2852 578 2892 idem
599 2849 1089 2901 lib.12.Praeluxerefi1ces,
1106 2850 1286 2889 velarunt
1298 2847 1476 2902 flammea
1491 2846 1638 2887 vultus.
1656 2848 1819 2890 Sanctus
1842 2846 2019 2888 Ammo-2

414 2909 488 2950 sius
504 2913 539 2949 in
553 2907 617 2948 lib.
630 2907 679 2948 de
693 2909 833 2951 Viduis
842 2921 855 2946 .·
871 2907 1064 2959 Suasimus,
1084 2916 1132 2945 vt
1141 2905 1280 2946 vestem
1290 2913 1447 2946 mutares
1456 2933 1466 2950 ,
1483 2917 1555 2945 non
1567 2913 1614 2945 vt
1620 2904 1837 2960 flammeum
1839 2903 2016 2959 firmereu

417 2976 465 3008 vt
477 2965 500 3004 εὶ
516 2964 711 3020 ftpulchro
725 2965 920 3011 recederem
941 2978 1014 3005 non
1024 2974 1071 3004 vt
1081 2964 1282 3004 thalamum
1295 2974 1523 3016 praeparares
1532 2991 1542 3000 .

472 3021 740 3079 Exposuimus,
754 3036 835 3078 quo
849 3022 1016 3067 cultu‚&
1031 3032 1170 3064 ornatu
1183 3035 1285 3061 noua
1303 3032 1424 3075 nupta
1438 3020 1486 3059 ad
1501 3022 1621 3062 virum
1637 3019 1891 3077 procederet;
1907 3017 2020 3060 vide-

410 3146 606 3192 tamquam
620 3139 658 3178 in
674 3138 852 3192 coniugis
864 3136 1096 3177 mansionem
1109 3152 1119 3181 ;
1138 3137 1185 3177 ad
1198 3135 1439 3177 domicilium
1454 3144 1586 3190 nuptae
1599 3133 1897 3176 traducebatur.
1910 3131 2020 3174 Plau-

411 3204 472 3236 tus
483 3195 521 3235 in
539 3195 740 3238 Aulularia
755 3209 763 3237 :
777 3198 817 3238 E.
831 3193 1223 3252 desbmpiternum
1239 3193 1478 3249 tibifitlutare
1487 3193 1542 3248 sit
1560 3191 1794 3245 procreandis
1808 3190 1940 3289 liberils.
1951 3191 2023 3230 M.

1931 3255 1969 3288 ta
