2206 3480
399 123 519 190 “246
828 116 1663 176 DECOMOEDIA.

653 228 787 265 coram
800 229 836 260 te
847 216 1080 261 Caramallus
1090 246 1100 261 ‚
1115 226 1182 257 aut
1195 215 1390 257 Phabaton
1403 244 1415 260 ‚
2073 219 2115 272 Δ

652 276 790 329 clatfis
797 275 953 324 fiscibus
964 296 977 318 ‚
987 274 1178 328 eloquente
1186 272 1290 328 gefiu
1302 301 1312 317 ,

650 338 781 376 Nutu,
803 345 909 372 crure
922 354 934 374 ›
943 342 1039 385 genu
1049 354 1062 374 2
1075 343 1187 371 manu
1197 360 1207 376 ,
1222 339 1349 371 rotatu
1361 358 1372 376 ,

653 391 692 429 T
693 399 752 430 oto
765 396 805 430 in
816 388 1107 444 fihemate‚vel
1117 388 1234 443 fimel
1240 387 1371 428 latebit
1385 418 1395 428 .

425 457 532 496 Inter
545 456 691 490 veteres
708 447 973 488 Pantomimos
988 446 1048 486 M.
1064 445 1210 486 Nestor
1219 459 1299 486 non
1312 443 1550 500 postremum
1562 441 1692 486 locum
1707 447 1850 489 tenuit,
1877 456 2028 499 quem.)

425 506 603 562 Caligula
617 507 729 545 etiam
747 504 848 545 inter
864 502 1083 559 spectacula
1097 501 1342 545 osculabatur
1354 525 1367 547 2
1390 517 1433 544 ac
1451 501 1478 543 fi
1490 505 1577 559 quis
1587 498 1744 544 saltante
1758 516 1806 543 eo
1821 530 1833 546 ‚
1858 502 1918 543 vel
1929 502 2028 542 leui-

424 576 486 606 ter
499 562 746 616 obstreperet
760 591 769 607 ,
783 560 934 602 detrahi
945 559 1077 601 iussum
1093 590 1104 605 ‚
1120 574 1231 601 manu
1244 561 1305 602 sua
1317 557 1555 615 flagellabat»
1567 561 1620 599 ait
1631 561 1791 601 Sueton.
1807 562 1845 600 in
1864 559 2028 615 Caligul.

426 634 545 677 cap.5
556 631 588 670 ς.
606 619 713 661 Huic
727 618 923 659 hominum
936 621 1068 675 generi
1086 628 1233 660 tantum
1243 616 1404 659 honoris
1413 617 1467 658 est
1482 616 1669 662 habitum,
1688 628 1730 658 vt
1744 621 1895 673 equites
1907 617 1950 657 &
1963 620 2032 659 Se-

423 689 580 721 natores
599 685 716 729 atque
731 675 833 717 adeo
847 673 1018 718 foeminae
1032 677 1168 731 primae
1179 675 1395 717 nobilitatis
1409 674 1509 716 latus
1523 676 1570 725 ijs
1587 673 1749 715 darent:
1775 674 1886 730 quod
1903 688 1951 714 ne
1969 677 2031 715 in..

424 734 622 792 posterum
635 732 747 774 fieret
758 763 768 778 ,
785 733 918 774 edicto
932 743 1086 774 cautum
1101 732 1176 777 est,
1201 747 1249 773 ne
1264 731 1421 774 domum
1439 731 1775 774 Pantomimorum
1792 734 1959 772 Senator
1970 732 2030 771 in-

426 793 584 835 troiret,
606 805 655 831 ne
667 790 908 846 egredientes
922 791 960 830 in
977 790 1179 845 publicum
1196 794 1345 845 equites
1356 794 1525 835 Romani
1540 792 1769 842 cingerent:
1794 790 1848 829 ait
1863 789 2031 828 Tacitus

426 850 565 900 lib.13.
581 849 642 888 De
657 846 853 904 praedistis
863 850 994 902 inquit
1006 847 1236 888 Athenaeus:
1261 849 1376 902 Loqui
1382 859 1451 900 per
1453 846 1696 901 saltationem
1712 876 1723 887 .
1733 845 1915 888 Delineat
1927 843 2029 886 hanc

427 906 613 962 corporis
627 903 986 946 conformationem
999 903 1200 945 Claudian.
1214 905 1251 944 in
1265 907 1429 959 Eutrop.
1446 904 1559 947 lib.2.

657 961 758 1018 Qis
766 961 891 1001 melius
902 960 1056 1001 vibrata
1064 972 1161 1013 puer
1173 964 1357 1012 vertigine
1369 961 1476 1001 molli

651 1017 831 1059 Membra
845 1027 941 1059 ratet
953 1047 963 1063 ‚
990 1026 1123 1057 verrat
1137 1019 1221 1069 quis
1234 1029 1422 1057 marmora
1436 1020 1536 1059 crine
1547 1018 1684 1073 supino
1699 1028 1715 1060 ἓ

654 1074 758 1131 Quis
771 1078 882 1126 magis
895 1075 1019 1114 enodes
1035 1074 1190 1114 laterum
1204 1074 1425 1128 detorqueat
1437 1084 1545 1115 artus
1559 1083 1576 1116 ,ἰ
2056 1051 2095 1102 Β

661 1131 764 1183 ,Quis
774 1135 860 1170 voci
868 1131 1016 1184 digitos,
1044 1131 1161 1171 oculos
1186 1133 1268 1186 quis
1281 1130 1442 1171 moribus
1450 1140 1554 1185 aptet
1563 1140 1581 1172 ,ἒ

430 1190 554 1231 Hanc
570 1197 721 1242 partem
735 1187 888 1230 muficae
905 1186 1115 1244 disciplinae
1127 1199 1267 1229 mutam
1283 1189 1534 1230 nominauere
1551 1189 1732 1231 Maiores
1747 1217 1758 1233 ‚
1774 1186 1931 1232 scilicet,
1949 1199 2037 1241 quae

427 1261 498 1289 ore
515 1244 644 1286 clauso
666 1244 838 1285 manibus
855 1245 1048 1300 loquitur,
1072 1247 1115 1286 &
1127 1245 1355 1300 quibusdam
1366 1245 1732 1300 gesticulationibus
1747 1244 1841 1287 facit
1855 1244 2012 1299 intelligi
2024 1265 2037 1286 2

426 1303 535 1355 quod
550 1307 611 1343 vix
627 1315 807 1343 narrante
821 1303 970 1357 lingua,
992 1314 1058 1344 aut
1073 1301 1275 1358 scripturae
1289 1312 1395 1342 textu
1408 1300 1525 1357 poffit
1535 1302 1690 1358 agnosci
1705 1333 1716 1348 ,
1744 1304 1797 1344 ait
1811 1299 2036 1344 Caffiodor.

425 1363 545 1403 Fuere
558 1360 648 1401 olim
662 1373 759 1414 quos
773 1362 885 1400 etiam
899 1358 1021 1401 hodie
1033 1362 1072 1400 in
1087 1360 1255 1414 publico
1270 1358 1522 1413 spestauimus
1533 1383 1545 1403 ²
1569 1363 1727 1402 iuuenes
1740 1383 1751 1404 ›
1775 1361 1819 1401 &
1836 1357 2007 1400 foeminae
2021 1378 2036 1401 ²

424 1432 590 1475 quorum
609 1430 782 1472 corpora
795 1415 853 1457 itzi'
862 1417 989 1458 mollia
1001 1446 1012 1459 ,
1031 1416 1218 1458 flexibilia
1228 1415 1349 1458 effent
1367 1446 1377 1462 ‚
1390 1428 1432 1458 vt
1446 1415 1674 1472 resupinato
1686 1415 1806 1458 dorso
1819 1439 1832 1460 2
1845 1417 1889 1456 &
1907 1414 2044 1470 capite

427 1476 520 1518 cliui
531 1504 540 1520 ‚
556 1489 601 1516 ac
615 1474 865 1529 propendulo
878 1485 1018 1517 terram
1033 1474 1251 1516 lamberent
1262 1503 1271 1518 ‚
1286 1475 1328 1514 δε
1339 1484 1435 1516 rotae
1450 1473 1568 1516 instar
1581 1473 1834 1516 flecterentur
1846 1502 1857 1519 ‚
1886 1472 1935 1513 de
1947 1473 2038 1526 qui-

425 1534 497 1574 bus
513 1534 592 1588 egit
604 1530 796 1585 Chrysost·
817 1532 930 1573 Orat.
943 1533 993 1572 de
1008 1533 1241 1573 Iureiurand.
1256 1531 1335 1572 ibi:
1359 1537 1449 1574 Cum
1460 1534 1603 1572 iuuenis
1613 1533 1749 1587 aliquis
1769 1530 1814 1586 se
1829 1528 1946 1584 ipsum
1957 1538 2039 1569 tra-

425 1590 562 1631 diderit
582 1591 624 1643 iis
639 1618 649 1633 ,
668 1591 734 1642 qui
751 1600 876 1641 corpus
889 1593 962 1629 eius
976 1589 1116 1629 mollire
1128 1603 1171 1629 ac
1183 1587 1383 1640 frangere,
1405 1589 1606 1644 membraq;
1622 1588 1807 1643 insteciere
1819 1587 2013 1628 voluerint
2025 1607 2039 1629 ι

425 1650 690 1697 certaueritque
702 1646 870 1686 accurate
885 1659 1011 1695 corpus
1024 1660 1127 1687 omne
1143 1646 1353 1688 conuoluere
1361 1655 1449 1688 rotae
1459 1645 1579 1686 instar
1591 1675 1602 1692 ,
1615 1646 1663 1690 ὸ·
1675 1647 1851 1687 volutare
1864 1646 1904 1684 in
1919 1652 2019 1683 terra
2029 1670 2041 1686 ‚

425 1704 474 1746 (9·
485 1711 633 1753 coegerit
642 1712 708 1753 per
720 1702 899 1741 oculorum
914 1731 923 1744 ‚
942 1716 1183 1757 manuumque
1198 1713 1331 1743 motum
1342 1725 1352 1745 ‚
1365 1717 1407 1743 ac
1422 1703 1693 1745 circulationem
1705 1733 1715 1749 ,
1728 1703 1915 1756 aliamque
1928 1697 2040 1739 volu·

426 1760 604 1800 bilitztem
624 1760 663 1797 in
679 1757 816 1811 sexum
830 1759 1036 1797 muliebrem
1054 1758 1155 1798 abire
1168 1791 1176 1799 .
1197 1761 1242 1798 Et
1257 1757 1376 1798 infra:
1410 1759 1496 1813 Qi
1505 1769 1627 1799 autem
1638 1761 1790 1799 alternis
1802 1756 1897 1811 enses
1914 1759 1956 1796 in
1970 1768 2035 1795 ae-

427 1829 502 1856 rem
520 1814 727 1854 iaculantur
739 1814 784 1856 &
796 1827 914 1853 omnes
924 1815 1090 1854 manibus
1102 1818 1306 1867 excipiunt.
1324 1815 1383 1854 Hi
1398 1814 1621 1869 rhythmi&
1633 1815 1756 1870 gestus
1768 1823 1931 1857 erant,vt
1944 1812 2034 1867 plu·

428 1877 564 1914 timum
574 1869 771 1910 obscoeni.
789 1872 974 1925 Cyprian.
993 1871 1098 1925 epist.
1113 1886 1199 1925 103.
1218 1870 1537 1925 superinducitur
1560 1871 1684 1913 homo
1699 1871 1842 1920 frastus
1858 1870 2039 1910 omnibus
2062 1878 2109 1930 C

425 1928 624 1971 membris,
643 1929 684 1967 &
701 1928 761 1967 vir
773 1926 868 1967 vltra
878 1928 1099 1968 muliebrem
1116 1929 1316 1969 mollitiem
1332 1927 1531 1969 diffolutus
1545 1951 1556 1972 2
1579 1930 1644 1970 cui
1668 1943 1730 1972 ars
1760 1929 1807 1971 fit
1822 1927 1941 1968 verba
1959 1940 2035 1968 ma-

425 1986 537 2027 nibus
556 1983 765 2037 expedire,
783 1995 823 2023 vt
838 1979 1265 2025 desaltenturfabulosae
1278 1989 1517 2040 antiquitatis
1531 1985 1716 2028 libidines
1734 2017 1743 2026 .
1768 1986 1954 2027 Clemens
1968 1982 2038 2025 l-2.

427 2042 580 2096 Paedag.
593 2054 679 2095 cap.
693 2054 752 2081 10.
769 2043 918 2096 inquit:
938 2042 1162 2081 Saltatorum
1175 2042 1321 2081 illorum
1333 2043 1497 2083 mollium
1511 2065 1522 2085 2
1547 2042 1594 2085 (θ’
1604 2043 1820 2094 flubiorum
1834 2071 1844 2085 ‚
1858 2043 1924 2096 qui
1936 2042 2045 2082 cinae-

429 2101 548 2139 dicam
560 2107 698 2137 mutam
708 2106 826 2137 artem
836 2100 875 2137 in
884 2098 1029 2150 pulpita
1042 2098 1233 2141 inducunt,
1244 2097 1384 2138 vestem
1396 2107 1472 2138 tam
1485 2099 1736 2141 contumelias?
1747 2097 1972 2143 defluentem,
1980 2097 2043 2136 de-

423 2153 770 2211 ſsdiaepufillanima
786 2156 1041 2196 attrat‘i'ionem
1065 2153 1260 2194 oflendunt
1272 2182 1281 2192 .
1304 2154 1455 2196 Cinaedi
1471 2155 1565 2196 disti
1581 2153 1667 2197 sunt
1682 2156 1789 2212 apud
1806 2167 1959 2197 veteres
1973 2151 2043 2194 sal-

437 2224 587 2254 tatores
601 2212 642 2250 ἃ
661 2211 912 2256 pantomimi,
926 2221 966 2250 vt
983 2210 1062 2251 vult
1073 2212 1224 2251 Nonius
1238 2234 1248 2253 ‚
1263 2214 1372 2265 quod
1384 2212 1558 2253 Pudenda
1571 2223 1835 2255 commouet-ent
1849 2245 1857 2253 .
1878 2211 2042 2252 Laetan-

437 2271 514 2311 tius
526 2272 563 2308 in
577 2270 746 2320 Epitom.
761 2282 846 2322 cap.
865 2282 927 2315 14.
946 2267 1176 2309 Histrionici
1191 2272 1302 2309 etiam
1328 2269 1517 2320 impudici
1538 2269 1668 2323 gestus
1682 2300 1691 2314 ,
1718 2270 1858 2325 quibus
1877 2266 2035 2308 infames

445 2325 626 2368 foeminas
638 2328 833 2365 imitantur
844 2353 854 2368 ,
867 2324 1066 2369 libidines,
1078 2338 1172 2379 quas
1186 2323 1358 2365 saltando
1370 2330 1612 2378 exprimunt,
1636 2327 1789 2366 docent
1802 2323 1959 2379 August.
1975 2323 2042 2369 Ι.7.

442 2382 665 2437 cap.26.de
684 2381 801 2420 Ciuit.
821 2382 895 2420 Dei
916 2384 1064 2425 inquit.-
1086 2383 1226 2421 Veneris
1248 2379 1612 2434 lafiiuiam‚stupra,
1646 2382 1692 2424 (7-
1709 2382 1957 2434 turpitudines
1976 2392 2043 2420 cae-

442 2449 642 2492 terorumq;
649 2433 891 2490 proferremus
903 2437 947 2477 de
956 2437 1070 2481 libris,
1081 2438 1153 2491 nisi
1160 2437 1309 2477 cottidie
1321 2447 1562 2477 cantarentur
1573 2436 1619 2480 &
1630 2438 1866 2491 saltarentur
1882 2441 1921 2479 in
1936 2434 2036 2476 thea-

439 2499 517 2537 tris.
530 2496 778 2549 Qamquam
792 2497 829 2534 in
843 2494 999 2534 theatris
1013 2491 1228 2534 saltationes
1243 2494 1471 2549 plerumque
1482 2494 1693 2548 impudicae
1710 2497 1750 2536 &
1767 2494 1922 2540 salaces;
1936 2505 2041 2548 quae-

441 2552 528 2594 dam
543 2563 668 2593 tamen
681 2554 720 2592 in
739 2551 931 2601 conuiuijs
947 2552 988 2591 &
1005 2554 1154 2606 nuptijs
1168 2554 1289 2592 minus
1304 2549 1523 2593 foeditatis:
1548 2552 1591 2592 &
1604 2550 1710 2593 hunc
1725 2551 1941 2594 saltationis
1958 2564 2038 2591 mo-

440 2610 532 2650 dum
545 2609 723 2665 expingit
739 2610 938 2649 Lucretius
950 2608 1017 2649 lib.
1030 2622 1062 2649 1.

945 2668 963 2705 I
966 2679 990 2704 n
1001 2678 1189 2708 numerum
1195 2665 1390 2718 procedere
1398 2696 1408 2711 ‚
1435 2666 1596 2707 membra
1609 2679 1756 2708 mouere

669 2721 791 2762 moHia
803 2721 1004 2764 mobiliter}
1024 2736 1103 2762 cum
1115 2725 1268 2764 alternis
1277 2721 1430 2762 brachia
1442 2726 1596 2763 mittunt
1607 2752 1618 2768 ‚
2071 2704 2122 2757 D

684 2781 730 2818 Et
743 2789 913 2830 repetunt
922 2780 1031 2819 oculis
1041 2777 1171 2831 gestum
1180 2779 1275 2833 pede
1287 2781 1514 2819 conuenienti
1525 2811 1534 2820 .

446 2836 640 2876 Homerus
663 2833 846 2889 Odyffeae
869 2834 933 2875 lib.
953 2850 984 2876 1.
1011 2838 1088 2886 Alij
1113 2837 1230 2877 dedit
1246 2835 1356 2876 Deus
1370 2835 1547 2877 bellicam
1560 2838 1744 2879 virtutem
1763 2859 1775 2883 5
1797 2837 1856 2888 alij
1874 2835 2041 2878 saltatio-

443 2906 529 2933 nem
547 2892 588 2931 &
603 2889 890 2932 cantiunculam
906 2892 1107 2934 amabilem
1124 2925 1132 2933 .
1161 2895 1333 2933 Nonnus
1352 2893 1617 2947 Dionyfiac.1.
1637 2900 1696 2935 18.
1710 2895 1764 2935 ibi
1775 2893 1963 2949 Cymbala
1978 2891 2037 2933 so-

447 2948 592 2990 nabant
607 2971 617 2991 ²
631 2947 760 2989 fistulae
774 2959 899 2988 autem
912 2950 1066 2990 Panicae
1082 2949 1130 2990 ad
1147 2948 1313 2990 mensam
1332 2948 1429 2989 bene
1442 2948 1638 2992 sonantem
1655 2951 1839 2993 bombum
1852 2949 2042 2993 edebant,

443 3006 550 3046 tibiae
568 3003 779 3045 fremebant
791 3005 969 3059 implexae
982 3035 991 3050 ‚
1017 3006 1060 3047 ὅτ
1082 3006 1246 3048 circulus
1268 3009 1439 3061 grauiter
1450 3006 1617 3049 sonantis
1632 3010 1805 3063 tympani
1818 3005 1929 3061 dupli
1946 3005 2045 3047 stre-

443 3066 529 3117 pitu
540 3061 731 3103 tinniebat
744 3065 779 3101 in
794 3061 939 3102 aedibus
953 3092 962 3106 ,
980 3063 1021 3103 &
1038 3062 1148 3104 sonus
1165 3076 1248 3105 erat
1264 3065 1501 3106 crotalorum
1515 3063 1564 3105 ad
1577 3079 1732 3106 coenam
1747 3067 1816 3105 .1n
1831 3063 1962 3104 medio
1976 3077 2041 3103 au-

443 3130 521 3160 tem
542 3122 632 3160 vino
645 3122 770 3173 grauis
788 3118 909 3160 Maro
924 3118 1469 3178 ferensinstabilemimpetum
1484 3122 1640 3164 tremuli
1663 3121 1776 3178 pedis
1797 3120 1881 3162 ibat
1896 3120 1976 3161 huc
1999 3121 2044 3160 &

440 3174 531 3217 illuc
547 3175 675 3216 oestro
695 3178 861 3230 agitatus
875 3209 884 3216 .

183 3242 227 3270 ve
243 3238 375 3279 persus..
500 3230 677 3274 Persona:
693 3233 805 3276 distae
817 3232 928 3275 sunta
940 3231 1212 3291 personando:
1243 3249 1328 3279 nam
1340 3247 1466 3292 caput
1491 3236 1534 3277 ὃ(
1553 3248 1597 3278 os
1612 3238 1918 3333 cooperimentp
1949 3246 2043 3288 per·

1907 3306 1992 3333 onae

666 2687 804 2699 ..μ-ω...
