2206 3480
333 49 433 104 DE
475 51 736 105 VARIO
776 51 1321 106 TESSERARVM
1362 55 1538 108 VSV.
1658 72 1759 116 283

99 168 139 220 A
171 146 319 203 Hippia
330 145 511 187 Pisistrati
530 145 633 188 filio.-
658 145 725 187 hic
738 146 827 188 dum
841 148 980 187 milites
993 145 1074 188 suos
1092 152 1127 188 in
1144 147 1316 188 hostilem
1330 158 1468 188 terram
1497 148 1688 203 sapienter
1707 152 1764 192 di-

168 203 312 258 sponit,
327 202 630 245 sternutamento
646 203 757 246 solito
771 205 1057 245 vehementiore
1071 207 1226 245 dentem
1242 210 1405 261 expuit,
1421 220 1534 260 quem
1547 220 1633 246 cum
1648 207 1762 248 iuffis-

171 260 226 303 set
241 275 287 302 ex
303 275 415 302 arena
429 260 572 302 sustolli
584 292 595 307 ,
622 275 694 302 nec
707 274 832 303 tamen
848 262 986 316 vspiam
999 262 1062 302 diu
1081 265 1318 317 multumque
1334 263 1576 314 conquisitus
1598 278 1765 317 appare-

171 328 250 363 νεα
273 318 463 374 suipicans
479 320 666 374 Hippiam,
683 321 831 373 inquit:
858 322 952 361 Haec
966 329 1063 358 terra
1075 318 1189 369 nestra
1200 334 1272 359 non
1284 317 1345 369 est,
1364 321 1513 360 milites:
1534 334 1684 360 neceam
1699 336 1764 361 no-

171 375 412 431 bisfiaby‘cere
424 377 504 416 vlla
514 389 698 416 armorum
710 380 758 415 vi
761 380 965 428 poterimus
976 403 987 419 ,
1006 375 1078 429 fid
1087 386 1230 416 tantum
1242 380 1281 416 in
1292 392 1331 415 ea
1337 388 1483 428 partem
1497 378 1734 417 obtinebimus
1750 407 1761 422 ,

176 444 355 488 quantam
376 432 463 473 dens
481 433 585 472 modo
612 431 773 484 exctgssus
799 435 903 484 tegit.
928 432 1066 472 Refert
1081 435 1212 473 Front.
1235 433 1301 472 lib.
1320 448 1473 488 cap.1i.
1502 435 1762 476 Gubernator

174 489 428 531 Athenienfifl
444 488 663 544 claffis,quae
679 492 714 528 in
727 492 917 543 Corcyrae
931 502 974 528 os
986 487 1226 531 dimicatura,
1242 494 1302 529 vix
1316 489 1480 531 soluerat
1493 492 1513 530 ἐ
1525 504 1659 545 portu,
1672 505 1760 534 cum

170 546 235 588 ille
249 547 503 587 sternuentem
523 549 740 600 quempiam
754 560 803 587 ex
819 546 1023 600 remigibus
1046 543 1212 585 fortuito
1232 547 1398 591 audiu2t5
1421 560 1521 587 metu
1548 562 1760 603 correptus

162 605 346 657 receptui
360 617 501 643 canere
517 603 636 643 statim
649 606 782 657 coepit
795 626 807 646 2
819 601 1130 657 recepiffentque
1141 601 1226 642 sein
1240 614 1399 657 portum
1413 632 1422 644 ,
1445 606 1510 644 nisi
1526 607 1760 646 Timotheus

166 664 263 713 Imp·
279 670 511 713 contempto
529 664 686 713 augurio
699 673 875 714 augurem
887 657 1146 699 meticulosum
1164 658 1396 704 obiurgasset
1409 664 1604 714 inquiens:
1628 665 1762 703 Mira*-

159 720 211 758 ris
222 716 242 756 ὲ
258 727 310 757 tot
321 717 475 758 homin&
487 717 643 757 millibus
653 729 769 755 vnum
782 713 856 772 ff,
866 718 925 755 cui
936 725 1044 767 caput
1055 715 1301 766 humidt'usfit.
1319 719 1376 756 Ex
1394 715 1452 755 his
1464 722 1579 772 igitur
1589 719 1743 771 agnosci
1753 739 1763 748 ι

157 787 237 815 mus
252 774 590 815 sternutamentum
608 773 722 822 medij
735 802 743 815 ‚
766 774 1019 828 ancipitisque
1037 775 1170 813 ominis
1184 771 1297 816 fuissei
1331 774 1373 813 &
1391 778 1511 814 modo
1539 773 1758 820 secunda„

158 831 279 872 modo
293 830 447 872 aduersa
464 827 784 884 praemonstraffe;
807 844 926 884 quare
941 844 1028 870 cum
1039 844 1087 871 ex
1104 832 1299 885 Augurum
1316 830 1520 884 disciplina
1542 846 1617 871 non
1636 834 1759 885 appa·

156 900 277 933 reret,
305 887 532 943 quaefausta‚
559 888 601 928 &
617 898 700 941 quae
716 886 884 928 ominosa
900 886 1364 933 sternutamentaforent3
1394 887 1531 929 fastum
1545 886 1616 931 est,
1641 900 1680 929 vt
1696 904 1758 929 ve-

155 957 255 986 teres
272 960 348 985 rem
369 944 525 985 dubiam
540 945 841 986 existimauerim
851 945 966 984 bonis
980 943 1053 985 effe
1072 944 1195 984 verbis
1213 944 1467 985 adiuuandam
1483 975 1492 989 ,
1510 957 1626 1000 atque
1640 946 1754 985 Deo-

95 1017 133 1067 B
154 1017 231 1042 rum
251 1003 428 1043 auxilium
443 1000 509 1043 fibi
522 1001 680 1057 alijsque
695 1000 978 1042 sternuentibus
991 1001 1268 1056 implorarent:
1296 1001 1410 1057 vsque
1426 1003 1525 1042 adeo
1545 1007 1650 1043 vnius
1664 1018 1752 1057 gre-

152 1061 246 1115 garii
261 1059 387 1100 militis
404 1059 743 1100 sternutamentum
756 1059 804 1098 ad
821 1059 1097 1113 rempublicam
1112 1064 1309 1114 pertinere
1324 1060 1519 1100 arbitratae
1545 1058 1627 1100 sunt
1642 1061 1753 1100 Grae-

155 1130 291 1158 corum
307 1121 436 1171 copiae
449 1146 458 1161 ‚
481 1130 526 1157 ac
538 1127 578 1158 vt
590 1130 700 1156 omen
712 1116 808 1156 illud
823 1113 991 1157 feliciter
1007 1116 1167 1157 caderet
1190 1118 1393 1171 precibus,
1422 1116 1596 1172 votisque
1610 1119 1631 1158 a
1651 1117 1743 1158 Deo

158 1173 454 1231 poposcerunt,
484 1176 664 1228 vtinquit
683 1172 913 1227 Xenophon
930 1177 966 1213 in
982 1176 1089 1228 Cyro
1113 1174 1375 1228 Minor.lib.3.

214 1228 502 1286 superstitiosas
513 1230 807 1271 sternutationes
820 1235 856 1270 in
872 1229 976 1271 hunc
997 1231 1151 1270 modum
1179 1231 1333 1271 damnat
1359 1233 1477 1271 Diuus
1502 1230 1664 1285 August.
1680 1231 1754 1272 ser-

155 1302 258 1328 mon.
272 1294 336 1328 68.
364 1287 600 1342 Appendice
614 1286 662 1327 de
682 1287 851 1329 Diuerfis
863 1316 871 1332 ‚
887 1286 944 1327 his
959 1288 1085 1327 verbis
1101 1289 1219 1327 :Fecit
1235 1291 1333 1326 Deus
1354 1292 1475 1327 omnia
1493 1288 1587 1328 bona
1614 1288 1728 1329 valde
1744 1319 1754 1330 .

153 1346 240 1388 Illas
253 1358 344 1384 vero
358 1358 430 1386 non
452 1343 789 1399 sblumfizcrilegau
808 1345 880 1399 fid
895 1348 1004 1384 etiam
1016 1345 1188 1384 ridiculas
1211 1345 1489 1384 sternutationes
1511 1345 1753 1390 considerare,

149 1403 197 1446 (θ’
210 1402 397 1454 obseruare
412 1402 541 1445 nolim
563 1400 633 1454 ftd
643 1404 781 1456 quoties
791 1401 896 1441 vobis
908 1405 946 1440 in
963 1415 1178 1455 quacunque
1185 1412 1295 1453 parte
1293 1400 1417 1452 facerit
1430 1399 1605 1455 neceffltas
1617 1414 1750 1454 prope-

148 1459 419 1511 raen2ii‚st7‚nate
431 1470 497 1495 vos
508 1460 545 1496 in
561 1462 704 1498 nomine
720 1457 796 1510 Iefia
809 1456 952 1499 Christi
964 1482 975 1501 ‚
991 1459 1038 1501 ὠ·
1052 1458 1253 1512 Symbolum
1267 1482 1276 1500 ‚
1295 1460 1362 1498 vel
1372 1462 1570 1498 orationem
1583 1462 1749 1501 Domini.

145 1516 256 1556 calent
269 1515 434 1569 fideliter
445 1514 599 1555 dicentes
616 1545 624 1558 ‚
635 1514 759 1570 ficari
773 1514 817 1555 de
828 1518 898 1555 Dei
907 1515 1092 1555 adiutorio
1102 1519 1172 1554 iter
1186 1518 1280 1567 agite
1291 1548 1300 1557 .

201 1576 243 1614 In
261 1572 565 1614 Christianorum
582 1586 703 1623 porro
716 1586 840 1613 mores
855 1576 1084 1627 immigrauit
1101 1572 1182 1612 hec
1198 1576 1378 1627 precatio
1391 1597 1401 1617 ‚
1428 1584 1658 1629 retentaque
1671 1572 1750 1618 est,

143 1644 224 1672 non
242 1631 387 1685 augurii
404 1659 414 1674 ‚
440 1627 504 1669 sed
525 1629 647 1680 officii
664 1628 797 1671 causa:
825 1631 866 1671 ὅτ.
879 1642 918 1671 vt
933 1630 984 1670 illi
1001 1631 1049 1671 ad
1064 1644 1178 1670 omen
1195 1632 1468 1675 auertendum;
1498 1630 1546 1671 fic
1564 1644 1632 1669 nos
1650 1634 1746 1670 omi-

143 1685 365 1729 numsecuri
379 1686 425 1726 ad
442 1685 593 1727 salutem
607 1687 912 1742 implorandam,
941 1685 1112 1729 officiosa
1128 1688 1212 1727 haec
1236 1687 1423 1744 obsequia
1441 1689 1482 1728 Sc
1503 1686 1748 1729 salutationes

144 1743 276 1801 sapien
287 1749 361 1807 tius
375 1742 616 1799 sanstiusque
635 1743 910 1785 transtulimus.

77 1853 125 1905 C
434 1862 552 1945 De
588 1864 782 1942 Vario
814 1860 1256 1941 Tefferarum
1290 1862 1407 1941 vsu
1439 1930 1453 1939 .

682 1978 872 2083 Cap.
937 1971 1165 2051 XIV.

150 2136 413 2254 APVD
437 2141 584 2200 priscos
602 2144 804 2184 Romanos
832 2140 940 2197 plura
966 2139 1209 2182 Tefferarum
1236 2156 1376 2197 genera
1396 2144 1432 2183 in
1460 2139 1521 2184 vsu
1545 2141 1667 2188 fuisse,
1695 2156 1745 2184 ex

300 2201 442 2256 quibus
456 2204 655 2256 praecipua
667 2199 786 2243 fuere,
800 2214 940 2255 nempe
956 2198 1117 2240 Teffera
1129 2201 1407 2243 Frumentaria,
1424 2202 1621 2245 Numana,
1633 2203 1744 2242 Con-

151 2263 307 2303 uiuaiis,
324 2259 472 2298 [usoria
489 2258 744 2302 ,Comitialis‚
771 2255 986 2311 Hospitalis
1000 2286 1010 2301 ,
1032 2255 1275 2302 Theatrahs,
1293 2258 1475 2297 Mifitaris
1490 2287 1500 2302 ,
1528 2259 1576 2298 de
1600 2259 1742 2312 quibus

150 2314 418 2358 Reuerendiff.
436 2314 695 2356 Thomafinus
709 2312 973 2356 Aemonienfis
989 2312 1123 2355 Ptaesul
1143 2318 1179 2353 in
1205 2312 1270 2354 suo
1287 2314 1335 2354 de
1352 2313 1519 2355 Tefferis
1534 2314 1742 2369 Hospitali-

151 2378 238 2415 tatis
253 2373 386 2414 libello
401 2386 484 2427 cap.
497 2377 557 2412 16.
571 2371 817 2413 eruditiffiire
829 2401 839 2415 ,
864 2371 964 2412 vnde
979 2386 1050 2425 ego
1069 2371 1177 2425 plura
1191 2377 1227 2412 in
1247 2370 1422 2427 praesenti
1435 2383 1660 2427 argumento
1674 2374 1743 2412 de-

155 2429 292 2485 sun-*pfl
304 2458 314 2474 ,
340 2428 434 2469 ficut
448 2430 488 2469 δε
508 2429 579 2469 alia
599 2430 761 2484 plurima
776 2428 824 2469 ab
843 2428 959 2483 ipfius
973 2442 1040 2467 ore
1055 2427 1308 2469 eruditiffimo
1323 2427 1457 2485 saepius
1471 2430 1743 2484 apprehendi.

207 2489 470 2528 frumentaria
502 2489 613 2539 igitur
634 2486 791 2527 Teffera
820 2498 903 2525 erat
919 2485 1059 2541 signum
1086 2499 1167 2540 quo
1188 2488 1367 2527 exhibito
1390 2480 1642 2542 vnusquisque
1659 2484 1740 2527 sru-

150 2548 319 2586 mentum
334 2556 410 2599 pro
423 2545 613 2589 portione
625 2542 878 2597 accipiebata
893 2544 1073 2596 Principe
1086 2572 1096 2587 ,
1119 2546 1166 2585 de
1181 2558 1262 2596 quo
1275 2543 1482 2586 iuuenali&

371 2599 553 2639 summula
567 2613 612 2638 ne
620 2610 749 2651 pereat
759 2623 771 2644 ,
793 2613 865 2654 qua
876 2599 965 2639 vilis
976 2598 1097 2656 tffra
1115 2603 1221 2639 venit

55 2684 57 2686 ·
365 2658 572 2698 Frumenti.

59 2685 111 2738 D
140 2717 187 2759 Et
202 2713 368 2756 Perfius.

368 2769 571 2824 scabiosum
586 2770 754 2827 teſserula
767 2766 840 2822 sar

364 2826 522 2882 Poſsidet
535 2860 545 2870 .

136 2887 229 2928 Mos
245 2884 432 2940 fuitapud
459 2886 656 2926 Romanos
679 2886 910 2929 menstruum
932 2886 1109 2928 distribui
1134 2884 1366 2928 frumentum
1391 2888 1427 2927 in
1448 2900 1643 2943 pauperes
1667 2891 1730 2929 in..

134 2943 316 3000 cuiusque
333 2940 606 2986 menfisinirim
627 2944 703 2985 siue
719 2947 852 2987 nonis,
873 2955 914 2985 vt
924 2945 1051 2986 Suidae
1065 2942 1176 2984 visum
1189 2974 1199 2989 ,
1227 2944 1328 2985 vnde
1353 2944 1454 2984 idem
1471 2946 1511 2985 &
1543 2948 1727 2985 Annonas

129 3003 300 3044 deriuat:
319 3002 401 3041 haec
414 3011 538 3040 autem
555 3001 775 3041 distributio
790 3004 974 3058 quoniam
988 3016 1059 3056 per
1069 3000 1239 3042 Tefferas
1256 3001 1400 3046 flebat3
1427 3003 1572 3056 quique
1583 3015 1644 3042 eas
1658 3001 1727 3042 ha-

131 3058 274 3103 bebat,
296 3058 343 3099 ad
361 3059 576 3099 Curatores
588 3052 985 3100 frumentidiuidendi
1003 3060 1103 3103 ibat,
1130 3073 1264 3100 munus
1290 3060 1338 3100 ab
1368 3058 1543 3113 Augusto
1567 3058 1722 3099 institu-

129 3125 207 3156 tum
219 3113 242 3154 :⁰
259 3129 426 3170 quatuor
445 3119 541 3156 enim
560 3118 628 3156 viri
642 3127 770 3160 erant,
789 3118 897 3168 ijque
911 3131 959 3158 ex
972 3115 1279 3160 honestioribus,
1295 3118 1338 3157 &
1354 3120 1521 3170 quiante
1535 3117 1728 3171 quinque?-

131 3174 236 3214 nium
253 3174 424 3217 Praetura
436 3171 558 3219 funfti
569 3173 710 3221 essent,
738 3174 849 3230 quod
873 3177 954 3219 Dio
969 3178 1119 3217 notauit
1130 3175 1200 3217 lib.
1208 3187 1270 3226 54.
1287 3176 1331 3215 Et
1343 3172 1369 3214 fi
1383 3171 1595 3273 PraefZRus
1609 3177 1726 3214 eriam

1525 3243 1670 3272 nnonae
