2206 3480
177 64 184 75 '
512 48 648 104 DE
722 44 1422 106 TRAGOEDIAE
1653 52 1764 130 22}¹

52 155 93 208 Α
406 146 527 228 De
549 148 973 255 Tragoedia.
1082 149 1268 260 Cap.
1343 150 1475 235 VI.

268 320 465 376 ragoediae
483 318 719 361 vocabulum
744 319 863 374 aliqui
881 320 1028 362 distum
1047 319 1190 362 volunt
1204 349 1215 365 ‚
1239 321 1351 376 quod
1369 321 1682 366 vindemialibus
1692 325 1753 368 lu·-
1772 323 1951 364 Dymolcr‘al

255 379 313 419 dis
335 377 427 419 effet
439 377 500 419 illa
515 378 674 417 inuenta
685 405 696 421 ‚
709 376 852 430 nempe
863 377 975 419 Quod
998 378 1052 418 nil
1076 376 1180 418 aliud
1202 392 1247 420 ea
1272 379 1319 420 sit
1331 402 1344 423 ‚
1364 378 1434 422 nifi
1457 380 1567 422 musti
1589 388 1727 425 cantio
1738 414 1751 430 ,

133 435 200 478 seu
216 450 371 478 carmen
388 433 689 476 vindemialibus
702 431 866 473 sacrisin
879 433 1052 478 Bacchi,
1070 432 1279 489 Liberique
1294 438 1421 478 Patris
1432 436 1585 481 laudem
1599 443 1750 483 decan-

131 504 255 536 tatum
272 527 281 534 .
300 491 376 542 Alij
395 489 660 546 Tragoediam
679 489 758 532 dici
771 490 917 531 malunt
927 489 1033 546 quasi
1043 490 1212 544 asperum
1224 503 1380 535 cantum
1394 524 1403 539 ,
1418 500 1507 550 quia
1529 494 1668 539 flebilis
1677 513 1746 554 ge->

132 566 207 592 nus
219 552 412 593 Poematis
426 548 501 592 est,
516 550 558 589 &
570 546 828 602 asperitatem,
846 548 1194 602 crudelitatemque
1211 553 1405 592 continet.
1418 552 1495 603 Alij
1509 554 1680 610 denique
1695 556 1746 597 ab

133 608 272 650 Hirco
288 608 459 651 distam3
489 607 578 661 quia
591 606 622 646 is
634 607 702 660 qui
717 606 820 647 inter
835 605 986 646 Bacchi
998 603 1104 647 sacra
1117 633 1136 659 ‚q
1150 603 1393 661 ludosquein
1406 607 1486 649 hoc
1499 624 1641 662 genere
1655 627 1747 654 cer-

132 667 284 706 taminis
299 664 394 706 effet
410 664 546 709 vidior,
556 662 673 704 hirco
685 691 696 709 ,
711 665 778 719 qui
793 661 954 704 Baccho
968 674 1055 705 erat
1067 661 1193 709 sacer,
1216 661 1459 706 donabatur.
1473 678 1514 707 vt
1531 673 1637 709 canit
1654 670 1741 711 Ho.

136 734 211 764 rat.
227 722 279 764 de
294 727 397 764 Arte
410 754 419 762 .

362 781 535 820 Carmine
544 779 611 832 qui
624 780 761 831 tragico
774 778 889 820 vilem
907 781 1063 821 certauit
1076 780 1120 820 ob
1134 778 1279 822 hircum
1292 811 1302 820 .

135 836 262 879 Sicuti
279 839 392 878 etiam
409 835 666 891 Tragoediam
677 838 698 876 a
712 838 856 891 Satyris
871 853 882 883 ;
906 838 989 879 hoc
1004 837 1058 879 est
1068 837 1246 882 hircinis,
1264 837 1406 879 dictam
1418 847 1629 894 putarunt;
1645 853 1745 896 quo-

136 897 235 934 niam
250 896 378 950 Satyri
393 893 442 934 ad
452 894 771 940 conuiciandum,
786 894 845 935 vel
858 894 907 937 ad
922 893 1033 938 risum
1044 895 1374 940 commonendum
1387 909 1475 937 cum
1493 900 1640 938 caeteris
1650 910 1745 953 per-

135 950 235 991 sonis
245 952 532 992 inducerentur
543 982 552 992 .

67 988 106 1039 Β
189 1008 353 1050 Dicitur
363 1008 575 1062 Tragoedia
590 1009 609 1048 a
623 1008 786 1050 Platone
801 1009 1080 1067 antiquiffima;
1105 1012 1149 1052 δε
1162 1025 1396 1067 quamquam
1409 1011 1459 1053 ab
1474 1011 1689 1054 Aristotele
1702 1014 1743 1055 in

132 1066 190 1105 Po
197 1067 308 1106 eticis
320 1069 580 1120 excogitatam
591 1069 629 1106 in
644 1066 919 1123 Pelopponeso
930 1067 1037 1111 fuisse
1053 1084 1065 1115 ;
1081 1067 1189 1109 fuere
1201 1079 1328 1110 tamen
1345 1070 1414 1125 qui
1428 1069 1603 1126 Thespin
1616 1070 1744 1112 Athe-

133 1120 298 1164 niensem
313 1122 490 1164 facerent
506 1125 725 1165 austorem:
745 1128 776 1165 is
793 1127 895 1167 enim
909 1129 987 1168 vini
1014 1125 1186 1168 foecibus
1200 1150 1211 1172 ‚
1229 1138 1295 1169 aut
1308 1129 1426 1168 minio
1440 1124 1508 1166 fibi
1519 1141 1588 1168 ora
1601 1141 1746 1182 perun=

132 1183 204 1225 xit,
217 1190 334 1235 atque
346 1184 400 1223 ita
410 1178 644 1234 personatus
658 1183 821 1225 actitare
838 1185 998 1239 coepite
1013 1183 1256 1240 plaustris,ac
1271 1183 1527 1238 Tragoediam
1542 1183 1745 1227 informem

131 1238 342 1280 incondite
358 1240 524 1279 recitare
540 1271 548 1279 .
562 1242 614 1279 ita
635 1239 781 1281 Horat.
793 1242 832 1280 in
844 1242 998 1282 Poetic.

356 1298 525 1348 Ignotum
535 1297 572 1335 T
574 1298 701 1347 ragicae
710 1308 823 1349 genus
832 1296 1001 1356 inuentffi
1013 1304 1203 1341 Camaenae

356 1355 507 1393 Dicitur
520 1379 532 1398 ,
548 1353 594 1397 ό·
603 1353 784 1405 plaustris
796 1354 1111 1413 vexiffepoemata
1125 1354 1282 1410 Thespis
1293 1379 1307 1401 ,

406 1423 458 1452 uae
470 1419 641 1448 canerent
654 1430 666 1451 ²
677 1417 898 1464 agerentque
905 1408 1231 1461 perunHisoecibus
1242 1411 1332 1452 ora}

129 1469 179 1510 Et
194 1466 215 1508 a
231 1464 398 1508 Tibullo
411 1466 456 1507 fit
471 1469 618 1507 mentio
642 1463 693 1504 de
715 1468 834 1505 minio
850 1467 943 1506 dum
958 1467 1104 1508 Bacchi
1114 1466 1221 1511 sacra
1238 1468 1429 1512 describit
1445 1503 1453 1511 .

302 1524 473 1577 Agricola
482 1553 493 1568 ,
508 1523 556 1567 ὠ·
568 1524 681 1563 minio
688 1517 859 1576 perfusus
866 1523 1008 1564 Bacche
1017 1523 1166 1564 rubenti

354 1583 498 1622 Primus
516 1583 715 1632 inexperta
730 1579 849 1619 duxit
862 1579 911 1620 ab
921 1590 1005 1623 arte
1013 1580 1161 1622 choros.

123 1639 230 1681 Haec
249 1637 483 1694 Tragoediae
493 1634 730 1679 incunabula
740 1635 847 1682 sunt,
866 1651 954 1692 quae
967 1638 1153 1693 paulatim
1177 1638 1367 1698 deinceps
1387 1641 1586 1684 adoleuit:
1606 1646 1740 1692 excul-

122 1706 246 1753 taque
261 1695 512 1752 postmodum
530 1695 580 1737 ab
592 1694 780 1749 Euripide
795 1722 808 1738 ,
834 1694 1038 1750 Sophocle
1052 1717 1065 1740 >
1089 1695 1134 1736 &
1149 1696 1348 1754 Aeschylo
1357 1700 1429 1745 est,
1448 1701 1490 1742 δε
1505 1699 1553 1742 ab
1571 1701 1656 1753 aliis
1670 1718 1739 1746 ex-

119 1756 248 1810 polita
266 1782 277 1798 ,
300 1767 347 1795 ac
357 1754 474 1795 etiam
485 1751 660 1809 perfesta
673 1783 685 1793 .

51 1825 98 1877 C
178 1809 383 1853 Definitur
395 1809 445 1852 ab
462 1810 669 1852 Aristotele
684 1810 930 1866 Tragoedia,
957 1821 999 1852 vt
1016 1811 1063 1854 fit
1075 1812 1250 1854 Imitatio
1264 1815 1427 1856 aetionis
1442 1815 1593 1857 illustris
1609 1818 1651 1858 ὃς
1669 1817 1738 1858 ab·

48 1892 52 1895 -
118 1866 431 1926 solutae‚eiusque
448 1867 580 1910 iustam
595 1868 895 1923 magnitudinem
912 1867 1016 1908 suaui
1029 1870 1298 1924 complectens
1313 1876 1492 1914 oratione
1504 1887 1515 1913 .·
1529 1878 1636 1913 cuius
1644 1889 1737 1929 par-

118 1935 178 1965 tes
194 1942 243 1965 eo
258 1930 483 1979 pertinent,
500 1936 544 1964 vt
561 1934 687 1965 metus
702 1925 745 1965 &
756 1922 1046 1966 commiseratio
1063 1923 1325 1981 spestatorum
1341 1931 1472 1970 animis
1487 1928 1674 1971 inseratur
1687 1931 1736 1972 ad

118 1979 580 2023 huiusmodimorborum
590 1979 791 2023 salutarem
804 1985 1093 2036 purgationem.
1108 1985 1371 2026 Imitationem
1387 1986 1550 2027 astionis
1566 1987 1722 2028 illustris

115 2037 196 2081 fiue
208 2041 358 2093 grauis,
383 2036 602 2082 &seueram
627 2048 669 2078 vt
682 2038 942 2092 ‚intelligamus
955 2040 1124 2093 Regias,
1148 2039 1424 2097 Principesque
1444 2045 1732 2090 tantummodo,

114 2094 305 2150 personas
320 2096 584 2150 Tragoediam
603 2093 674 2134 fibi
681 2108 914 2149 proponere
929 2109 939 2135 ε
962 2095 1136 2151 vulgares
1150 2119 1163 2139 2
1191 2098 1491 2155 communesque
1504 2105 1735 2155 permittere

117 2152 366 2197 Comoed1ae‚
380 2165 466 2206 quae
479 2151 584 2191 leues
595 2151 748 2192 illarum
761 2152 803 2192 &
815 2149 1031 2206 despicatas
1047 2153 1219 2194 astiones
1230 2156 1596 2213 imitaturdrancque
1611 2162 1734 2200 imita-

116 2212 263 2250 tionem
275 2238 286 2254 ,
300 2211 415 2250 Suaui
431 2206 715 2264 firmoneeffici
731 2218 919 2263 oportere
929 2223 939 2254 ς
964 2208 1047 2250 hoc
1066 2209 1121 2251 est
1145 2211 1308 2252 verfibus
1324 2215 1367 2254 &
1383 2226 1581 2256 concentu
1595 2228 1732 2271 atque,

114 2264 316 2307 harmonia
328 2294 340 2310 ,
366 2268 476 2306 cuius
488 2264 544 2305 est
555 2267 594 2304 in
609 2265 742 2305 choris
755 2263 836 2306 vsus
851 2267 1104 2320 potissimum.
1128 2268 1256 2321 Qod
1280 2273 1432 2327 egregie
1453 2272 1502 2312 ab
1516 2273 1733 2314 Aristotele

115 2322 335 2379 expressum
350 2323 510 2365 videtur
522 2334 652 2376 cap.4.
668 2322 720 2363 de
741 2324 892 2364 Poetic.
902 2323 961 2364 his
973 2325 1102 2366 verbis
1115 2338 1130 2365 ε
1153 2328 1318 2367 Poeticen
1337 2329 1416 2371 duae
1439 2331 1603 2382 primum
1620 2330 1731 2386 causta

113 2381 301 2422 naturales
306 2376 521 2435 produxtffi
535 2379 716 2420 videntur
724 2408 735 2425 ‚
749 2381 769 2419 I
770 2382 914 2421 miratio
931 2381 980 2425 ἐν
992 2396 1045 2422 ex
1056 2384 1260 2423 imitatione
1272 2386 1448 2439 voluptas
1460 2418 1469 2428 .

175 2438 337 2479 Dicitur
351 2436 573 2491 Tragoedia
585 2435 770 2478 eiusmodi
788 2436 1038 2493 personarum
1052 2439 1247 2482 illustrium
1264 2443 1437 2484 actiones
1465 2444 1621 2487 idcirco
1643 2449 1727 2487 imi-
1750 2464 1840 2497 rim„-

112 2498 199 2542 tari,
213 2493 557 2550 &spectatoribus
567 2508 797 2549 proponere
810 2511 821 2540 3
837 2506 878 2537 vt
889 2497 1110 2538 contendat
1123 2501 1236 2539 animi
1246 2514 1466 2541 moerorem
1476 2530 1486 2545 ‚
1500 2515 1546 2543 ac
1564 2516 1651 2544 com
1659 2508 1728 2545 mi-

112 2549 344 2593 serationem
362 2553 570 2592 concitare
581 2552 631 2593 ad
647 2552 731 2592 illas
747 2551 865 2606 ipsas,
876 2568 972 2608 quas
988 2565 1223 2599 commouet,
1245 2557 1566 2610 perturbationes
1582 2559 1728 2602 abster-

114 2611 256 2664 gendas
274 2641 283 2649 .
311 2609 389 2649 Sed
401 2609 574 2659 quamuis
588 2608 704 2649 Plato
719 2610 976 2664 Tragoediam
988 2611 1154 2666 repellat
1166 2613 1186 2652 a
1200 2613 1423 2666 Republica
1436 2643 1445 2659 ‚
1462 2629 1510 2655 eo
1525 2618 1635 2671 quod
1647 2623 1722 2660 ani.

37 2658 91 2713 D
115 2668 167 2706 mi
182 2663 302 2705 nostri
316 2664 492 2710 morbos,
510 2665 553 2706 δε
567 2666 816 2720 aegritudines
832 2679 991 2721 augeat,
1006 2668 1230 2722 efficiatque
1248 2681 1289 2710 vt
1303 2670 1421 2712 fraena
1432 2672 1577 2719 dolori,
1595 2687 1641 2716 ac
1656 2679 1727 2717 co-

114 2720 350 2763 miserationi
360 2722 529 2763 laxemus
542 2755 552 2764 .
566 2723 675 2768 Non,
688 2723 1081 2778 inquam,audiendus
1097 2727 1130 2765 is
1143 2725 1208 2766 est:
1230 2730 1320 2781 quia
1336 2727 1426 2770 dum
1437 2729 1615 2772 homines
1631 2733 1727 2775 eius-

113 2779 225 2820 modi
235 2776 463 2833 spestaeulis
480 2777 690 2824 intersunt,
718 2780 945 2836 crebroque
960 2782 1145 2828 audiunt,
1171 2796 1217 2824 ac
1240 2797 1406 2827 cernunt
1417 2785 1599 2843 personas
1615 2790 1727 2832 ealo-

114 2846 282 2892 quentes
293 2865 304 2880 ‚
322 2834 551 2892 agentesque
566 2860 578 2880 ‚
601 2852 689 2892 quae
701 2837 1074 2881 commiserationem
1091 2844 1288 2888 excitant,
1318 2842 1578 2902 doloremque
1587 2862 1632 2890 ac
1647 2859 1728 2888 ter-

111 2907 241 2935 rorem
257 2893 478 2934 incutiunt:
498 2892 774 2939 affuescuntilli
790 2896 950 2951 quidem
966 2895 1124 2943 dolere,
1149 2899 1423 2954 pertimescere
1436 2932 1445 2947 ‚
1479 2916 1526 2944 ac
1545 2902 1725 2949 miserem

109 2948 177 2992 sed
192 2964 242 2993 ex
255 2965 299 2991 ea
322 2949 601 2991 consuetudine
612 2950 786 3006 sequitur
797 2975 808 2996 ‚
837 2966 880 2994 vt
907 2968 996 2996 cum
1011 2953 1100 3010 ipsis
1115 2955 1264 3012 aliquid
1284 2957 1502 3001 humanitus
1515 2962 1721 3006 acciderit,

111 3011 236 3048 minus
252 3007 435 3053 doleant,
462 3010 725 3063 timeantque,
755 3023 868 3064 quam
894 3009 923 3051 fi
942 3012 1161 3054 astionibus
1172 3014 1244 3055 illis
1259 3030 1337 3056 non
1351 3015 1623 3059 interfuissent:
1654 3033 1722 3059 ne-

116 3064 216 3104 ceffe
229 3064 282 3105 est
294 3069 393 3106 enim
405 3089 416 3108 2
443 3076 483 3106 vt
495 3068 561 3121 qui
578 3080 780 3121 numquam
799 3066 970 3110 doluerit
985 3098 996 3114 ,
1012 3073 1250 3118 timueritue;
1282 3088 1366 3115 eum
1379 3074 1725 3118 vehementius'ex-

115 3123 252 3162 terreri
265 3136 313 3162 ac
330 3123 466 3164 dolere
478 3152 487 3167 ‚
503 3136 591 3163 cum
604 3135 770 3178 repente
787 3137 861 3166 nec
877 3128 1038 3180 opinata
1058 3128 1254 3171 calamitas
1268 3134 1442 3171 euenerit
1456 3162 1463 3171 .
1479 3130 1597 3172 Adde
1611 3133 1722 3188 quod

116 3176 216 3233 saepe
227 3193 390 3222 numero
404 3194 615 3237 perperam
629 3180 806 3225 homines
817 3182 978 3229 dolent,
1009 3196 1054 3227 ac
1066 3185 1345 3242 pertimescunt
1364 3189 1412 3239 ijs
1427 3188 1477 3230 de
1498 3188 1618 3232 causis
1630 3213 1642 3234 2
1668 3190 1723 3232 ob

1306 3247 1338 3287 F
1567 3261 1661 3305 quas
