2206 3480
325 87 458 142 DE
535 85 1570 152 GLADIATORIBVS.
1697 127 1797 169 205

128 190 173 242 A
201 195 383 230 tonatur:
406 188 553 231 nullum
566 187 747 244 socordia
758 188 892 232 florem
904 214 915 235 2
941 191 1087 233 nullum
1107 205 1272 246 vnquam
1282 192 1480 248 palmitem
1493 195 1547 238 est
1558 206 1775 254 promerita
1792 222 1799 246 r

193 243 334 301 vigilijs
346 275 356 290 ,
384 244 588 288 sudoribus
601 275 611 292 ,
626 247 909 293 incommodis,
925 247 1081 291 duriore
1095 250 1347 295 tractatione,
1362 251 1554 296 strictiore
1571 255 1795 313 disciplina„

190 300 410 357 triumphis·
422 302 677 360 praeluditur3
708 304 752 344 δε
772 304 969 360 Apostolo
990 305 1084 347 teste
1110 322 1139 349 1.
1155 306 1377 358 Corinth.9.
1397 312 1523 351 Omnis
1546 316 1614 367 qui
1633 317 1674 355 in
1683 329 1794 369 agone

193 357 381 400 contendit
393 390 404 405 ‚
420 359 470 401 ab
478 360 646 402 omnibm
664 358 893 415 seabsiinet:
908 359 957 404 ό·
975 362 1032 402 illi
1052 362 1197 416 quidem
1206 374 1255 404 vt
1267 364 1535 418 corruptibilem
1550 383 1717 412 coronam
1729 389 1787 414 ac-

190 417 332 467 cipiant
345 443 354 453 .
386 417 472 465 Nos
483 415 616 457 fideles
627 415 775 457 Christi
789 430 976 458 coronam
991 418 1034 458 &
1048 417 1207 472 gloriam
1222 432 1404 464 aeternam
1418 427 1652 478 cogitantes,
1676 443 1785 472 nom,

189 475 337 514 maiora
347 473 619 515 meditabimur
633 481 649 515 ?
661 486 741 514 non
756 486 829 529 per
837 472 991 516 duriora
1001 473 1182 515 iubentes
1194 476 1493 522 transcuremus?
1511 494 1579 525 aut
1595 485 1785 539 ignauiam

190 528 291 570 caelo
309 529 576 572 coronandam
597 529 847 586 putabimus?
874 529 1024 572 delitias
1037 559 1046 575 ,
1060 533 1316 588 tvoluptates,
1342 536 1483 578 mensas
1503 540 1652 582 nullain
1672 548 1785 584 terris

186 596 296 630 aetas,
313 600 405 641 gens
414 586 521 641 nulla
534 600 686 643 cosona
703 587 859 642 dignata
869 585 924 629 est
934 619 944 628 .
955 590 1177 629 Intueamur
1187 600 1339 631 veteres
1350 596 1466 634 eremi
1480 596 1647 637 cultores
1656 627 1666 643 ,
1693 604 1783 644 Vir-

183 644 312 695 ginum
324 647 471 698 agmina
484 672 494 690 ,
512 643 729 700 Martyrum
743 646 913 699 integros
927 646 1143 695 exercitum
1171 646 1214 687 ὃ(
1240 660 1328 693 nos,
1352 652 1545 704 vitamque
1559 655 1753 699 nostranL,
1770 673 1780 700 ς

185 708 253 740 aut
266 699 319 742 illi
334 710 399 742 aut
410 698 483 744 nos
497 699 612 749 fatu15
627 699 747 743 namsi
757 714 832 757 per
845 702 1030 744 conuiuia
1041 731 1051 748 ,
1072 715 1306 758 purpuram,
1324 703 1496 752 dluitias,
1510 708 1694 757 honores,
1710 715 1779 756 de-

179 753 424 801 liciasomnis
436 761 587 814 generis
605 761 664 800 via
674 757 724 800 ad
735 758 871 799 caelum
885 767 998 815 patet
1010 782 1022 803 2
1037 773 1119 816 quo
1131 760 1347 817 Martyrum
1355 754 1525 819 *sanguis*
1541 767 1776 822 Virginum,

179 817 446 862 continentia,
472 814 886 861 Confefforumlabor,
904 815 948 858 δε
963 830 1077 858 vnum
1092 819 1171 859 vita
1184 829 1269 860 tota
1283 822 1513 863 continuata
1523 821 1618 864 iet-ie
1630 837 1772 882 marty-

179 871 301 914 rium?
328 873 370 913 &
381 871 520 915 multos
530 875 569 915 in
581 871 638 914 his
652 874 822 928 reperies
835 873 856 913 ὲ
869 876 994 927 Regio
1003 872 1200 929 sanguine,
1221 878 1343 932 prima
1357 877 1562 940 nobilitate
1572 909 1583 925 .
1605 879 1775 925 summa„

179 928 424 974 eruditione,
438 933 609 972 maximis
626 930 789 987 opibus.
811 932 860 972 Et
871 942 912 973 vt
926 931 1018 973 alios
1032 941 1195 978 taceam,
1203 937 1443 976 excutiamur
1461 937 1665 984 Dauidem,
1680 941 1773 981 vide

179 985 273 1026 illius
288 984 379 1042 post
395 987 572 1032 delictum
586 1002 663 1044 pro
680 998 780 1044 potu
791 986 1070 1045 lacrymas2pro
1081 1003 1182 1045 pane
1203 992 1426 1047 cinere‚pro
1437 993 1540 1035 lesto
1556 995 1769 1050 puluerem,

115 1020 155 1072 Β
175 1055 257 1098 pro
270 1056 445 1100 purpura
459 1042 628 1092 saccum
655 1046 699 1087 &
713 1048 779 1102 qui
788 1043 937 1087 secutus
949 1060 988 1088 es
999 1060 1078 1087 non
1090 1043 1204 1088 semel
1215 1059 1425 1094 errantem,
1448 1049 1610 1107 sequere
1629 1058 1770 1108 poeni-

172 1110 320 1142 tentem
334 1129 344 1145 ‚
376 1103 420 1143 δε
441 1100 669 1146 delistorum
691 1103 842 1144 veniam
868 1100 999 1159 spera:
1022 1117 1153 1145 nonne
1181 1104 1230 1146 ad
1258 1105 1426 1147 Crucem
1442 1106 1606 1163 fingulos
1624 1113 1767 1154 inuitat

171 1157 374 1200 Christus?
396 1171 463 1201 aut
475 1170 598 1206 errat,
611 1163 677 1217 qui
692 1157 878 1211 perillam
893 1174 965 1201 nos
977 1163 1115 1201 inuitat
1125 1161 1175 1202 ad
1188 1160 1324 1204 caelum
1335 1192 1344 1208 ‚
1359 1174 1424 1204 aut
1437 1164 1507 1206 alia
1521 1165 1569 1206 ad
1583 1166 1667 1209 hoc
1685 1172 1768 1211 via..

167 1228 283 1270 quam
297 1214 358 1257 ilia
371 1244 380 1261 ,
398 1231 513 1271 quam
527 1221 638 1274 prior
649 1218 817 1259 calcauit
830 1246 841 1262 ‚
858 1217 902 1258 &
916 1231 1112 1273 perquam
1124 1221 1281 1272 praemia
1294 1215 1535 1276 spopondit:
1559 1236 1758 1267 memento

164 1272 376 1316 verborum
389 1274 560 1318 Christi:
586 1277 750 1328 Regnum
772 1273 935 1315 calorum
944 1275 1027 1316 vim
1041 1277 1212 1330 patitur,
1232 1276 1281 1321 ὠ·
1306 1278 1463 1320 violenti
1472 1282 1626 1333 rapiunt
1638 1283 1739 1324 illud
1748 1316 1757 1323 .

164 1328 289 1373 vAliud
305 1335 371 1385 qui
388 1335 539 1387 cogitat
552 1361 561 1377 ‚
576 1328 720 1373 fallitur
730 1363 740 1374 .

220 1387 368 1441 Vrgere
388 1390 500 1431 nobis
511 1387 638 1430 saltem
653 1388 702 1431 ad
715 1387 967 1444 perfeffionis
979 1389 1127 1432 cursum
1146 1391 1305 1435 aliorum
1317 1392 1464 1441 debent
1474 1396 1765 1454 exempla5prae-

163 1440 289 1484 sertim
303 1455 392 1487 cum
407 1460 484 1488 vno
510 1445 723 1501 Religionis
740 1445 897 1487 vinculo
919 1445 1100 1502 ligemur:
1129 1463 1252 1505 equos
1276 1449 1465 1506 fiquidem
1487 1455 1590 1508 ipsos
1604 1465 1764 1496 mutua-1

170 1505 434 1545 contentione
451 1504 492 1544 δε
505 1502 717 1545 ambitione
737 1503 787 1545 ad
802 1501 1104 1559 cursumimpelli
1117 1534 1127 1550 ,
1142 1506 1270 1547 docet
1283 1507 1477 1548 Plutarch.
1494 1513 1533 1550 in
1547 1511 1756 1566 Pelopido

166 1555 224 1597 ibi
238 1571 249 1597 :
270 1559 371 1614 Equi
372 1562 559 1613 pernicius
568 1569 684 1601 ruunt
696 1561 813 1601 iunHi
823 1560 876 1604 ad
881 1573 1026 1601 currum
1037 1584 1049 1605 ‚
1059 1561 1321 1619 quamfiorfim
1332 1566 1410 1604 αέῖῐ
1419 1587 1430 1609 ‚
1445 1566 1488 1606 &
1497 1566 1632 1609 reddit
1644 1569 1767 1610 ratio-

167 1626 257 1654 nem
269 1644 280 1660 ‚
297 1618 390 1671 quia
403 1646 414 1661 ,
426 1618 575 1658 Mutua
588 1619 767 1658 contentio
776 1616 824 1661 ὰ
834 1617 986 1657 ambitio
1001 1616 1193 1668 serum-em
1210 1619 1433 1670 inflammat.
1452 1625 1517 1664 Sic
1531 1637 1627 1680 ergo
1642 1629 1678 1666 in
1692 1625 1765 1666 sta-

159 1669 232 1712 dio
243 1674 414 1715 mortalis
428 1673 539 1716 huius
552 1675 640 1717 vitae
651 1688 722 1716 nos
733 1675 950 1716 curramus:
965 1672 1020 1714 fic
1030 1676 1068 1716 in
1086 1676 1211 1716 Circo
1222 1674 1338 1719 saneti
1359 1680 1527 1733 Spiritus
1541 1681 1705 1736 impulsu
1722 1697 1764 1723 a-

155 1742 285 1783 gamus
298 1760 310 1776 ,
329 1743 371 1773 vt
388 1733 479 1774 Deo
489 1732 604 1788 digna
617 1731 665 1774 fit
676 1730 804 1776 nostra
814 1731 938 1773 decur
949 1729 1002 1771 fio
1015 1745 1028 1771 ι
1042 1733 1136 1773 Vnus
1147 1742 1268 1774 autem
1281 1731 1327 1786 gl}
1337 1763 1348 1780 ,
1358 1738 1424 1790 qui
1434 1739 1568 1790 accipit
1577 1738 1760 1785 brauium,

154 1789 286 1842 inquit
295 1788 432 1844 Apost.
447 1793 574 1835 Vnus,
584 1792 754 1846 inquam,
767 1803 808 1830 re
823 1801 913 1831 vera
925 1787 1069 1831 Christi
1081 1789 1264 1846 populus,
1275 1805 1372 1833 vnus
1382 1792 1446 1834 ille
1456 1791 1602 1845 Christi
1612 1796 1761 1852 sangui-

85 1857 132 1908 Ε
151 1851 221 1888 ne,
240 1842 430 1902 sacroque
445 1847 496 1889 ba
528 1845 672 1888 tismate
684 1847 829 1888 tinstus
843 1876 852 1892 ,
872 1850 937 1902 qui
953 1845 1145 1888 Christum
1156 1860 1245 1890 vere
1260 1849 1411 1891 induit.
1436 1852 1481 1891 N
1484 1866 1504 1891 e
1513 1856 1632 1907 igitur
1649 1854 1680 1895 is
1693 1859 1758 1896 in..

151 1915 275 1956 agone
290 1902 472 1950 deficiam
494 1863 616 1946 fiabet
626 1903 912 1960 designatorem
924 1903 1054 1945 Deum
1066 1933 1077 1950 ,
1099 1904 1294 1947 medicum
1309 1905 1527 1949 Christum:
1551 1923 1599 1949 ne
1620 1911 1752 1952 deter-

145 1969 300 2004 reatur,
320 1960 442 2003 habet
455 1962 654 2003 merorem
666 1965 849 2017 Spiritum
873 1959 1042 2003 sanstum
1054 1984 1067 2004 2
1092 1964 1159 2016 qui
1173 1962 1356 2004 Samuelis
1374 1964 1535 2016 mystico
1548 1979 1698 2020 vnguen
1706 1980 1750 2009 to

144 2015 326 2058 deliniet:
338 2031 385 2059 ne
397 2018 495 2061 sitim
512 2028 661 2060 metuat
671 2048 682 2063 ‚
697 2019 818 2059 habet
829 2015 941 2072 supra
951 2015 986 2056 se
997 2030 1138 2071 aquam
1153 2016 1332 2072 baptismi
1344 2035 1355 2064 ;
1368 2029 1408 2059 vt
1422 2020 1515 2061 inde
1528 2024 1566 2062 in
1582 2021 1744 2079 psal.22.

139 2072 252 2125 Super
262 2082 398 2129 aquam
408 2074 615 2127 resemonis
624 2075 796 2114 educauit
806 2086 861 2113 me
873 2101 882 2110 .
906 2075 954 2113 Et
966 2070 1081 2127 supet·
1093 2071 1179 2114 haec
1189 2075 1326 2116 omnia
1340 2075 1492 2118 demum
1506 2078 1617 2120 dicat
1632 2081 1737 2124 exul..

141 2140 237 2173 tans,
253 2144 302 2171 cx
316 2131 497 2186 Apost.2.
512 2131 736 2179 Timoth4.
749 2128 947 2178 Pulchrum
956 2138 1137 2170 certamen
1146 2133 1296 2176 certaui,
1311 2132 1451 2186 curstem
1461 2133 1596 2186 confici
1609 2137 1742 2192 ,fidem

129 2185 300 2240 seruasti:
311 2186 355 2227 de
364 2188 506 2244 reliquo
520 2188 672 2243 reposita
685 2185 833 2239 estmihi
842 2198 975 2227 carana
983 2185 1135 2230 iufiitiae
1143 2189 1184 2240 itt
1191 2187 1342 2231 Chr-isio
1354 2188 1434 2245 lesu
1450 2193 1607 2235 Domino
1615 2193 1742 2246 nistra,

139 2245 197 2283 cui
201 2243 320 2296 gloria
333 2246 374 2286 in
385 2245 601 2301 Jt'eculorum
603 2244 762 2302 secula
787 2244 912 2286 Amen
930 2274 939 2284 .
1121 2249 1124 2251 ’
1460 2267 1462 2270 ν

332 2360 451 2442 De
477 2358 1016 2443 Gladiatoribus
1041 2435 1058 2454 ,
1174 2364 1364 2474 Cap.
1429 2365 1572 2463 lV„

273 2530 443 2574 v-oniam
453 2531 502 2572 de
517 2531 633 2573 Ludis
645 2531 751 2587 apud
767 2530 971 2575 Romanos
984 2531 1039 2575 est
1049 2533 1167 2576 nobis
1183 2532 1319 2580 sermo,
1336 2536 1448 2577 etiam
1464 2534 1513 2576 de
1523 2537 1739 2580 Saturnali-

287 2586 427 2643 libus(
439 2588 578 2643 nempe
593 2588 644 2628 de
669 2589 975 2631 Gladiatoribus
988 2590 1012 2643 )
1038 2590 1244 2632 libabimus
1266 2592 1419 2647 aliqua:
1439 2606 1525 2646 quae
1552 2595 1737 2637 Saturnus

137 2646 237 2683 inter
253 2645 478 2687 veterrimos
494 2644 612 2687 Italiae
625 2645 735 2686 Deos
748 2643 895 2700 frugum
908 2649 1153 2702 repertor-‚Sc
1166 2650 1187 2688 i
1197 2646 1342 2689 satione
1356 2650 1542 2690 Saturnus
1555 2664 1605 2692 ex
1619 2652 1736 2695 Festo

63 2687 116 2741 D
137 2700 264 2741 dictus
278 2714 289 2740 :
301 2698 367 2742 hic
378 2704 492 2744 etiam
507 2702 724 2744 Saturnalia
735 2702 900 2747 induxit,
919 2703 947 2746 fi
965 2703 1176 2745 Macrobio
1186 2703 1287 2746 fides
1301 2719 1310 2746 :
1331 2710 1502 2759 quamuis
1515 2708 1732 2763 Dionysius

143 2756 211 2797 lib.
218 2770 256 2810 3.
271 2755 319 2798 ad
334 2757 480 2814 Regem
495 2759 654 2801 Tullum
666 2757 808 2801 referat
822 2758 928 2801 hunc
942 2759 1074 2802 festum
1085 2776 1098 2801 .·
1122 2762 1164 2802 &
1187 2763 1316 2803 Liuius
1327 2763 1417 2818 post
1435 2765 1561 2819 Reges
1572 2768 1733 2810 exactos

141 2812 230 2855 lib.1
244 2827 274 2855 1.
287 2812 330 2854 id
343 2815 568 2857 constituit:
594 2823 627 2860 A
641 2818 851 2870 Sempronio
862 2816 910 2861 ὁ·
929 2820 998 2858 Μ.
1012 2820 1189 2859 Minutio
1209 2817 1300 2876 Cff
1308 2819 1396 2861 ades
1416 2821 1574 2863 Saturno
1586 2822 1708 2865 dicata
1723 2841 1732 2866 ι

133 2869 351 2912 Saturnalia
360 2870 551 2913 inflamus
559 2871 681 2924 fifius
692 2873 767 2914 dies
783 2906 791 2914 .
813 2874 1004 2928 Qinimo
1025 2875 1128 2917 idem
1152 2877 1278 2918 Liuius
1292 2881 1467 2919 centenis
1479 2878 1626 2934 aliquot
1639 2881 1731 2936 post

128 2924 428 2983 annisagnoscit
440 2927 535 2970 illius
545 2930 824 2984 institutionem
837 2934 875 2971 in
889 2932 1149 2974 Decembrem
1164 2931 1296 2975 mesem
1310 2935 1475 2976 reiestus
1492 2933 1605 2976 festus
1619 2936 1701 2979 dies
1715 2961 1728 2981 ‚

127 2985 237 3040 quod
253 2994 346 3026 ante
368 2999 448 3026 non
468 2995 577 3031 erat;
599 2995 641 3028 vt
667 2985 877 3040 lib.23.his
891 2988 1043 3029 verbis:
1068 2988 1242 3040 Pistremo
1258 3004 1311 3030 ex
1323 2991 1427 3032 libris
1445 2991 1635 3033 Decembri
1648 2996 1724 3035 iam

124 3039 241 3095 meust
252 3042 306 3082 ad
313 3041 420 3083 ,edem
428 3045 579 3083 Saturni
587 3044 811 3084 immolatum
819 3044 895 3090 eii,
925 3043 1247 3101 leflzsterniumque
1266 3051 1504 3100 imperatum,
1527 3047 1576 3091 ὀ*
1590 3047 1724 3101 lconui.

129 3100 230 3138 uium
242 3097 431 3151 publicum
442 3129 452 3145 ,
475 3113 518 3140 ac
533 3110 597 3152 per
608 3099 734 3140 Vrbem
744 3101 953 3143 Saturnalia
972 3102 1051 3146 die.
1077 3116 1121 3143 ac
1141 3105 1246 3144 nocte
1270 3104 1465 3145 clamatum
1483 3104 1727 3162 :populusque

124 3166 206 3194 eum
219 3154 456 3206 diemfissum
474 3156 610 3197 habere
621 3170 665 3197 ac
671 3155 826 3211 seruare
834 3160 873 3198 in
878 3167 1095 3212 perpetuum
1110 3157 1217 3217 iuffits
1234 3192 1243 3202 .
1265 3161 1348 3201 Dio
1373 3161 1421 3202 de
1443 3161 1642 3203 Militibus
1653 3166 1726 3207 im

124 3210 280 3264 Claudii
295 3210 474 3256 libertum
487 3213 712 3257 iocantibus
722 3215 765 3255 ὅ(
781 3214 1058 3264 clamantibus,
1069 3218 1112 3262 10
1123 3218 1335 3315 Saturnaga
1351 3230 1360 3260 :
1386 3218 1429 3259 ὃς
1444 3217 1494 3260 ad
1510 3220 1725 3278 Imperato-¹

1334 3286 1359 3316 c
1584 3291 1670 3320 rum

1762 2566 1880 2592 Saturna
1889 2561 1930 2592 ’ἑτι
