2206 3480
269 110 374 165 DE
412 103 754 174 STATVINS
795 99 941 154 SEV
981 96 1518 153 SIMVLACRIS.
1649 111 1700 161 35

41 215 77 267 3
109 219 175 262 per
183 203 351 263 latffma
361 207 518 251 itiner-as
536 207 616 264 *fine
635 206 887 263 intermgfflone
903 205 1075 259 diffluens,
1106 203 1279 244 eliditur:
1309 204 1348 242 in
1368 218 1442 259 qua
1464 203 1681 260 consumitur
1695 226 1706 247 ‚

116 265 302 321 quidquid
322 266 430 304 terris
446 265 609 304 omnibus
620 273 753 319 aratur
764 296 772 303 .
804 266 865 303 De
879 263 955 303 hac
965 262 1098 302 eadem
1123 259 1420 302 frumentatione
1444 261 1556 303 latius
1585 261 1704 303 refert

117 321 306 363 Aristides
317 320 376 361 his
391 320 517 364 verbis
530 335 540 360 ε
569 324 627 360 spi
627 334 693 360 are
698 331 763 371 per
774 319 930 360 medium
942 318 1108 358 vefirnm
1117 321 1314 370 Imperium
1323 322 1546 371 porrigitur,
1563 323 1621 358 cui
1629 333 1701 358 vn-

117 372 731 432 diquevampliregionesadiacenn
749 374 937 428 neccssaria
944 376 1121 428 pleraque
1139 374 1246 413 vobis
1257 372 1597 428 fiaebminiflrantes:
1617 389 1703 417 nam

119 448 171 475 ex
183 436 279 474 omni
289 423 390 473 tersta
398 456 409 476 ,
425 434 593 486 marique
604 432 790 486 quidquid
793 432 860 471 vel
863 435 953 471 anni
966 441 1128 482 tempora
1133 433 1288 481 gignunt
1299 446 1310 475 ;
1335 432 1401 472 vel
1407 436 1564 485 regiones
1571 463 1574 467 .
1574 433 1704 485 fingu-

121 489 330 543 ιε’-βατιᾷ,
349 490 468 533 lacus3
495 488 661 543 artesque
682 492 768 528 item
782 487 1004 540 &ingenim
1033 486 1345 539 tuijraecorum,
1372 497 1447 528 tum
1458 489 1704 529 Barbarorum

114 545 309 601 proferunt
320 575 332 591 ,
351 546 394 585 id
402 557 505 585 omne
513 546 565 585 ad
573 558 642 585 vos
649 543 812 597 defertur
824 577 831 586 .
854 547 874 585 Ι
876 554 985 597 taque
992 544 1034 598 st
1039 544 1121 596 quis
1129 543 1221 582 talia
1235 545 1356 582 omnia
1366 545 1496 583 videre
1505 546 1698 599 destiteram

118 609 148 645 is
158 603 224 643 vel
220 613 291 654 per
301 611 416 643 totum
427 602 546 642 orbem
552 606 801 655 peregrinetur
812 600 935 655 necesse
948 600 1002 640 eft
1009 626 1020 646 ,
1051 599 1118 638 vel
1126 602 1165 639 in
1184 597 1302 649 vestra
1323 598 1395 639 iffa
1411 602 1500 644 Vrbe
1518 601 1680 655 versetur
1692 635 1700 642 .

116 659 324 717 Qidquid
333 661 427 700 enim
442 660 544 711 apud
550 659 639 698 ‘alios
665 660 732 699 vel
752 658 891 713 cre-stit,
910 658 977 697 vel
995 655 1183 711 conficitur
1197 679 1208 699 ‚
1233 655 1295 695 hic
1312 654 1434 709 affluit
1452 658 1499 699 ὠ
1522 658 1702 698 abundat.

115 719 191 756 Tot
202 725 321 756 autem
329 716 377 759 ὀ*
386 725 496 759 tanta
504 719 678 757 oneraria
686 728 796 756 naues
802 715 956 769 singulis
964 712 1282 768 annitemporibus
1294 713 1525 766 appelluntur
1539 743 1547 758 ,
1557 723 1604 753 vt
1618 715 1704 754 Vrbs

116 773 309 813 communis
317 773 479 828 quadam
487 772 584 813 orbis
593 769 734 824 officina
743 773 917 812 vzdeatur
929 803 939 813 .
951 775 1008 812 Ex
1021 770 1160 826 quibus
1173 768 1438 824 cognoscimus
1450 784 1595 812 merces
1609 801 1618 815 ,
1635 785 1705 812 coo

119 831 223 884 pias,
239 827 427 870 frumenta
441 858 450 873 ,
464 828 608 873 fruetus
618 829 792 884 vndique
807 833 845 870 in
859 829 962 870 hanc
976 829 1121 869 Vrbem
1139 826 1318 868 aduectas
1331 860 1340 868 .

175 888 353 927 Caueant
365 887 567 941 Principes
582 900 660 926 non
678 885 856 927 diffidere
876 887 926 927 de
942 887 1160 935 neceffarijs
1173 884 1222 925 ad
1239 885 1379 925 victum
1393 887 1431 926 in
1457 885 1556 926 bene
1568 888 1700 942 dispo-
1761 895 1770 911 s

121 943 190 984 fita
204 943 426 997 Republica
441 958 452 987 ;
474 947 656 998 quoniam
681 943 744 983 vbi
755 941 964 984 concursus
979 942 1031 984 est
1040 941 1180 996 Populi
1194 971 1205 985 ,
1234 941 1325 981 illuc
1349 956 1399 982 ex
1427 954 1516 983 toto
1528 943 1625 984 orbe
1636 958 1703 998 per

62 1040 100 1090 B
126 1014 248 1043 mare,
278 1015 351 1054 per
363 1012 483 1043 terras
499 999 951 1042 confluuntmercatores
964 998 1216 1045 frumentum,
1244 999 1286 1039 ὃ(
1309 1013 1441 1041 omnes
1453 999 1539 1041 alias
1554 1014 1702 1042 merces

125 1068 385 1112 exponentes.

399 1175 520 1251 De
545 1178 833 1266 statuis,
869 1175 973 1255 seu
1004 1172 1432 1255 SimulacriS.

723 1290 906 1397 Cap,
975 1289 1095 1368 IX.

207 1459 343 1498 Tatuae
360 1459 380 1498 ὲ
398 1456 602 1498 statuendo
622 1455 759 1502 ἀίξὶεες
779 1458 822 1498 ὃ(
842 1457 925 1498 sunt
949 1455 1169 1498 simulacra,
1188 1458 1249 1497 vel
1261 1471 1393 1503 cerea,
1406 1457 1467 1498 vel
1492 1459 1683 1499 eburnea„
1696 1488 1707 1503 ,

228 1513 285 1554 vel
299 1527 531 1555 marmorea,
553 1513 612 1553 vel
634 1528 682 1554 ex
697 1515 767 1554 alia
777 1527 1010 1568 quacunque
1025 1518 1179 1554 materia
1194 1544 1202 1553 .
1228 1516 1386 1556 Sueton.
1409 1518 1447 1555 in
1472 1515 1636 1556 Tiberio
1650 1531 1707 1555 m-

98 1617 101 1619 ,
128 1573 235 1624 quit:
257 1573 403 1610 Statuas
411 1571 718 1624 atqueimagines,
736 1571 808 1626 nisi
812 1573 1047 1623 permittente
1054 1569 1098 1624 fi
1114 1572 1203 1622 poni
1219 1571 1431 1622 prohibuit.
1457 1575 1706 1613 Statuarunh

127 1637 245 1668 artem
260 1625 477 1668 familiarem
490 1624 594 1666 fuisse
606 1656 616 1672 ,
641 1628 685 1667 &
706 1628 886 1669 vetustam
899 1626 1017 1668 refert
1029 1627 1123 1669 Plin.
1146 1629 1325 1668 Hercules
1336 1628 1384 1668 ab
1395 1629 1567 1670 Euandro
1576 1627 1706 1682 fizcra-

126 1693 186 1723 tus
193 1687 231 1724 in
240 1687 331 1725 Foro
341 1686 470 1724 Boario
480 1696 493 1723 .·
511 1683 558 1726 (9⁸
570 1686 681 1724 Ianus
687 1687 848 1737 geminus
865 1685 889 1724 ιέ
900 1688 1028 1724 Numa
1043 1686 1135 1736 Rege
1146 1684 1286 1726 dicatus
1299 1717 1308 1726 .
1338 1687 1483 1727 Cicero
1494 1684 1662 1741 Philipp.
1670 1692 1704 1727 8.

126 1743 202 1782 ait:
225 1743 399 1781 Maiores
407 1739 669 1781 nostriflatuas
678 1742 802 1783 multis
811 1742 1065 1784 decreuerunt,
1076 1740 1246 1794 sepulcra
1264 1744 1406 1795 paucis.
1430 1742 1709 1784 Simulacrum

127 1810 215 1839 cum
229 1797 276 1839 fit
289 1796 379 1839 fidia
390 1797 699 1852 alicuiusimag03
717 1798 806 1840 olim
826 1802 863 1839 in
888 1799 1089 1854 principio
1109 1811 1157 1838 ex
1181 1799 1376 1841 desiderio
1402 1811 1645 1841 mortuorum
1662 1801 1710 1841 fi=

53 1874 97 1924 C
129 1855 226 1897 milia
236 1865 321 1895 orta
332 1854 414 1895 sunt
424 1880 435 1900 ,
451 1864 492 1895 vt
505 1868 591 1909 quae
601 1854 794 1897 desierant
802 1860 931 1896 viuere
946 1886 956 1899 ‚
970 1858 1194 1896 viderentur
1211 1856 1385 1911 exprefl'a
1400 1889 1409 1897 .

86 1907 97 1921 ‘
184 1912 248 1952 De
261 1915 400 1953 statuis
417 1914 520 1967 apud
536 1913 737 1953 Romanos
750 1913 986 1954 incredibilis
1005 1912 1220 1952 Multitudo
1233 1943 1241 1957 ,
1264 1916 1424 1953 Pretium
1436 1913 1483 1955 ὠ
1495 1914 1629 1965 Species
1642 1927 1710 1954 ex-

128 1968 257 2010 tabat.
280 1969 500 2009 Multitudo
511 1983 674 2025 namque
684 1981 791 2011 tanta
801 1969 1048 2013 fuitillarum3
1072 1979 1112 2008 vt
1136 1968 1256 2009 nullus
1277 1969 1458 2023 publicus
1481 1968 1611 2013 locus,
1642 1970 1708 2010 vbi

131 2041 206 2068 non
222 2026 305 2066 haec
322 2028 410 2066 talia
426 2025 796 2067 esl'entornamenta.
825 2027 888 2066 De
907 2027 1056 2077 origine
1076 2025 1120 2063 ὃ(
1138 2034 1365 2078 augumento
1395 2026 1601 2066 earundem
1617 2025 1710 2067 Cas-

130 2083 273 2125 fiodor.
284 2083 391 2128 lib.7.
404 2081 459 2122 his
474 2081 623 2123 verbis:
652 2084 796 2122 Statuas
805 2085 966 2133 primum
978 2078 1116 2135 Thusci
1127 2081 1286 2121 initalia
1298 2079 1682 2138 inuemfferefiruntur
1693 2107 1705 2127 ‚

129 2152 222 2194 quas
233 2139 405 2190 amplexa
411 2137 704 2190 posteritaspen?
712 2150 841 2191 parem
847 2137 1022 2190 populum
1036 2137 1124 2176 Vrbi
1143 2137 1242 2178 dedit
1252 2167 1261 2182 ,
1272 2151 1382 2192 quam
1393 2148 1528 2178 natura
1537 2151 1709 2190 procrea-

130 2195 246 2235 ΜΛΝ
254 2208 362 2249 empe
373 2208 452 2234 non
463 2198 610 2234 minore
621 2198 737 2249 copia
750 2193 871 2235 fastos
885 2194 933 2233 ab
948 2204 1030 2234 arte
1041 2193 1127 2234 illos
1140 2193 1325 2238 homines,
1337 2208 1449 2249 quam
1466 2194 1555 2235 istos
1566 2198 1586 2236 ἃ
1598 2207 1704 2237 natu-

133 2266 189 2296 τᾶς
201 2252 290 2290 inde
306 2253 345 2292 P.
355 2251 535 2291 Vifflorin
558 2251 632 2291 fine
645 2250 931 2306 Descn'ptionis
946 2253 1093 2304 inquit:
1120 2250 1284 2295 Tabula,
1297 2250 1530 2306 &fignasine
1542 2265 1706 2293 numero.

133 2308 224 2348 Tale
237 2319 320 2347 erat
334 2308 600 2349 Romanorum
622 2307 784 2349 studium
797 2313 834 2349 in
851 2308 1041 2363 erigendis
1056 2307 1205 2352 statuis;
1235 2319 1277 2348 vt
1293 2307 1434 2349 referat
1466 2310 1544 2348 Dio
1558 2309 1625 2350 lib.
1638 2311 1704 2353 vlt.

134 2365 189 2406 ibi
203 2379 211 2404 :
239 2362 454 2414 Vrbsstatuis
467 2365 684 2417 implebatur
696 2395 706 2410 ,
716 2368 803 2420 quia
812 2366 942 2406 licebat
955 2367 1082 2418 cuique
1090 2362 1217 2419 paſjt‘m
1227 2368 1267 2405 in
1278 2364 1404 2405 tabula
1413 2395 1422 2409 ,
1435 2379 1520 2410 cere,
1531 2379 1710 2407 marmore

122 2422 166 2478 fi
171 2420 357 2474 publicare
369 2444 380 2464 ‚
393 2422 493 2475 quod
501 2422 673 2463 Claudius
682 2425 771 2474 Imp.
785 2426 908 2462 vetuit
918 2445 929 2465 ‚
940 2421 1182 2476 &plerasque
1189 2424 1264 2462 iam
1270 2422 1401 2476 pcfitas
1411 2423 1483 2462 loco
1498 2425 1610 2461 mouit
1622 2447 1632 2466 ‚
1663 2426 1710 2467 &⁶

133 2478 205 2518 alio
216 2476 424 2523 transtulit,
451 2477 645 2533 edixitque
658 2490 703 2519 ne
714 2482 793 2534 quis
806 2483 844 2519 in
853 2477 1028 2531 pisterum
1036 2482 1205 2530 priuatus
1210 2489 1361 2530 poneret
1371 2508 1380 2523 ,
1394 2480 1465 2534 nist
1466 2480 1611 2517 Senatus
1624 2491 1710 2531 per-

135 2533 230 2586 mfiu
242 2549 250 2574 .·
260 2544 424 2587 excepto,
425 2535 568 2589 siquod
573 2547 660 2588 opus
663 2535 848 2587 publicum
847 2536 1004 2587 jaceret,
1015 2534 1222 2590 reficerem?
1235 2535 1453 2576 ‚Coercere
1465 2534 1584 2574 voluit
1599 2538 1709 2577 Prin..

134 2603 228 2644 ceps
248 2592 334 2636 ille,
350 2594 440 2646 quia
449 2595 560 2632 nimia
573 2595 644 2632 iam
655 2592 859 2633 statuarum
871 2594 991 2647 copia
1004 2593 1148 2634 Vrbem
1164 2614 1176 2635 ²
1200 2595 1296 2637 vias,
1326 2592 1369 2632 ὃς
1383 2594 1491 2632 vicos
1506 2606 1584 2632 non
1600 2593 1709 2635 aliter

134 2646 320 2691 ornabat,
336 2646 402 2688 sed
415 2647 580 2704 stipabat
594 2650 636 2689 &
650 2650 823 2690 arctabat
836 2681 844 2689 .

54 2696 105 2747 D
190 2702 356 2744 Pretium
370 2704 572 2746 statuarum
587 2707 716 2760 ingens
731 2704 811 2746 satis
832 2716 934 2747 erat:
965 2712 1106 2749 etenim
1129 2716 1274 2761 praeter
1291 2720 1518 2748 marmoreas
1534 2708 1576 2749 &
1593 2722 1710 2749 aereas

133 2756 322 2802 infinitas;
337 2773 448 2802 erant
462 2767 575 2803 etiam
589 2774 780 2817 argenteae
794 2787 804 2806 ‚
819 2777 942 2804 aureae
952 2794 962 2808 ,
979 2766 1020 2805 &
1031 2765 1212 2806 eburneae
1228 2778 1236 2804 ι
1258 2774 1447 2817 argenteae
1461 2762 1527 2804 sub
1538 2765 1709 2819 Augusto

133 2815 292 2856 maxime
303 2817 598 2863 increbuerunt,
620 2832 662 2860 vr
676 2833 724 2859 ex
734 2821 886 2860 Sueton.
900 2833 986 2875 cap.
1003 2835 1017 2863 1
1029 2837 1063 2875 ς.
1078 2823 1121 2862 &
1132 2824 1302 2876 quamuis
1314 2820 1374 2861 ille
1388 2824 1425 2861 in
1440 2820 1517 2861 hoc
1530 2824 1711 2862 modera-

132 2883 212 2916 tus;
232 2870 398 2924 superbo
410 2883 532 2915 tamen
544 2875 704 2916 arbitrio
721 2878 980 2923 Domitianus,
1005 2891 1048 2919 vt
1069 2876 1219 2931 scripsit
1232 2880 1389 2918 Sueton.
1415 2878 1560 2917 Statuas
1572 2876 1651 2930 fibi
1668 2881 1707 2917 in

133 2929 311 2980 Capitolio
322 2957 332 2972 ‚
345 2942 416 2970 non·
428 2934 467 2970 ni
479 2944 497 2974 ι,
505 2945 651 2976 aureas,
660 2932 914 2987 argenteasque
916 2940 1008 2986 pon't
1015 2934 1178 2987 permisit
1189 2963 1199 2978 ,
1209 2933 1429 2988 &ponderis
1439 2937 1536 2974 certi.
1550 2935 1600 2972 Et
1609 2947 1708 2987 prae-

137 2996 197 3025 ter
211 2985 403 3026 materiem
416 3015 427 3030 ‚
440 2987 492 3027 de
506 2987 684 3042 pondere
700 2992 827 3043 inquit
837 2993 979 3031 Statius
995 3024 1002 3031 .

354 3045 417 3083 Da
437 3044 651 3095 Capitolinis
670 3054 842 3086 aternum
848 3045 993 3099 sedibus
1011 3060 1141 3087 aurum
1153 3077 1162 3091 ,

356 3099 448 3155 teo
470 3103 612 3139 niteant
623 3099 727 3154 stzcri
743 3111 884 3142 centeno
895 3103 1057 3155 pondere
1075 3104 1216 3144 vultus.

132 3152 391 3197 Pliniusetiam
405 3160 442 3196 in
454 3157 689 3197 Laudatione
700 3157 851 3197 Traiani
873 3160 1018 3214 inquit:
1037 3163 1168 3214 Itaque
1187 3170 1285 3199 tuam
1293 3157 1514 3210 statuam'in
1524 3159 1706 3201 veHibulo

132 3212 153 3250 1
155 3212 230 3249 ouis
239 3214 320 3264 Ope.
332 3215 454 3255 Max.
463 3226 579 3255 vnam
591 3213 795 3260 alteramve,
808 3215 854 3258 ὠν
867 3214 962 3256 hanc
971 3229 1107 3259 ceream,
1121 3219 1295 3256 cernimus
1308 3231 1319 3254 .·
1329 3226 1368 3256 at
1371 3214 1482 3269 paulo
1494 3226 1579 3256 ante
1587 3217 1707 3257 aditus

1191 3275 1220 3314 E
1282 3287 1302 3326 3
1532 3287 1649 3314 cinnes
