2206 3480
397 94 495 135 Μ
572 73 706 129 son
745 58 1206 126 FVNERIBVS
1247 68 1826 127 ROMANORVMss

388 173 569 229 quoddam
587 174 660 214 illic
670 171 800 223 fiendi
810 195 821 214 ‚
832 174 1016 222 iuxtaque
1020 165 1173 219 positam
1185 166 1399 207 Columnam
1409 188 1420 209 2
1431 167 1651 208 indicantem
1659 173 1891 224 nonamplius
1904 175 1930 214 I
1927 173 1963 213 o-
2001 178 2039 234 Α

377 244 455 271 uem
472 230 690 283 tonare,fid
699 233 770 267 iam
782 228 866 267 olim
863 223 953 275 sato
950 223 1127 274 func‘lum
1138 219 1207 278 effi’.
1226 223 1345 263 Hunc
1357 234 1481 263 autem
1497 223 1686 267 honorem
1701 239 1850 269 veteres
1861 232 1963 271 adeo

376 287 467 327 inde
482 284 711 326 demiserunt
723 298 733 328 ;
745 294 786 323 vt
807 284 826 322 a
853 283 937 331 Diis
953 279 1000 320 ad
1013 278 1183 321 animalia
1197 282 1357 320 rationis
1369 284 1547 334 expertia
1560 282 1750 323 tranfierit
1778 300 1789 330 5
1824 300 1964 342 nempe

374 343 546 385 Canibus
559 343 601 380 &
613 339 736 380 Gallis
751 339 896 379 erestas
911 336 1134 380 Columnas,
1150 347 1189 377 vt
1200 335 1318 378 refert
1328 337 1492 379 AElianus
1508 335 1575 380 lib.
1595 344 1628 378 8v
1643 339 1694 379 de
1709 341 1820 381 Varia
1832 343 1965 386 histor:

371 394 757 451 'Polyarchumfirunt
770 395 823 435 ad
833 408 911 435 eam
921 395 1103 435 mollitiem
1118 393 1336 446 perueufie,
1359 404 1408 434 vt
1428 395 1598 439 Canes&
1612 397 1732 437 Gallos
1754 428 1763 442 ‚
1776 398 1819 450 fi
1834 401 1967 453 quibus

374 452 692 505 deleclatusjufiet
702 476 712 495 ‚
722 452 880 493 mortuos
893 449 1183 509 effert-etpublice
1195 481 1203 495 ,
1219 450 1265 494 (φ
1274 455 1424 504 erigeret
1432 455 1470 491 in
1483 453 1626 493 illorum
1639 466 1877 495 monumentis
1898 461 1967 498 Co.

377 512 536 562 lmnnas,
549 511 680 563 quibus
691 509 889 562 Epitaphia
901 510 1045 549 illorum
1055 507 1288 564 instulpfi’rat
1304 540 1314 549 .
1333 509 1467 550 -Hanc
1485 515 1683 552 amentiam
1697 513 1792 552 alios
1805 528 1966 570 quoque

376 564 529 607 secutos
560 581 570 607 .·
600 567 722 608 brutis
740 580 903 622 namque
914 566 1093 622 pariendi
1106 589 1116 609 2
1129 568 1194 620 qui
1207 565 1382 606 homines
1396 566 1516 607 brutis
1531 572 1685 623 pariant
1711 601 1719 610 .
1753 574 1809 611 Vt
1821 575 1966 612 etiam

377 625 595 677 pyramides
608 624 749 664 alicubi
761 626 873 678 equis
886 625 1046 667 crearas,
1059 621 1277 664 Pliniuslib.
1294 630 1428 676 8·'cap.
1439 637 1506 672 42.
1521 627 1622 665 Facit
1644 627 1690 669 ὼ
1710 629 1827 667 Diuus
1839 636 1962 672 Auru-

359 679 440 731 ‘sius
452 696 544 737 equo
555 681 730 725 tumulum
740 711 749 726 ‚
763 681 807 720 de
818 695 889 736 quo
901 683 1110 722 Germanici
1117 679 1265 735 Caesaris
1274 694 1416 721 carmen
1430 681 1483 720 est
1513 696 1523 722 .·
1544 686 1725 734 Agrigenti
1761 672 1961 725 comoiziriit

374 751 554 794 equorum
567 739 911 793 tumuliPyramides
923 738 1060 778 habent
1078 769 1086 778 .
1107 739 1317 779 Columnas
1336 739 1589 779 militantibus
1601 742 1800 794 praecipue
1817 743 1964 796 politas

372 800 410 837 in
422 809 632 851 perennem
651 794 867 836 memoriam
881 798 1007 835 innuit
1021 794 1241 848 Euthymius
1254 798 1291 835 in
1303 792 1390 848 psal.
1412 809 1428 836 1
1439 807 1470 845 ς.
1484 794 1541 835 his
1553 797 1715 837 verbis:
1739 801 1835 838 Mos
1844 809 1966 838 autem

375 857 628 907 eratantiquis
639 877 649 895 ‚
661 863 707 891 vt
718 853 929 896 Columnas,-
943 854 1119 904 Imagines
1131 881 1141 896 ‚
1153 862 1220 892 aut
1222 849 1367 900 statuas
1374 850 1525 901 strenui
1545 851 1788 893 militantibus
1805 858 1900 895 viris
1925 857 1967 894 in

375 921 588 964 perpetuam
599 919 776 962 ponerent
788 912 1012 949 memoriam.
1042 913 1182 950 Extare
1196 908 1320 951 adhuc
1335 909 1576 964 Pyramidem
1586 909 1753 965 sepulcri
1766 913 1841 952 Iob
1853 910 1965 952 testa-

372 981 437 1009 tur
454 968 700 1009 Adricomius
713 970 748 1006 in
769 965 940 1006 Manaffe
955 979 989 1005 n.
1005 966 1150 1013 78.ibi.
1165 964 1483 1020 Pyramissepulcri
1502 969 1542 1006 B.
1556 967 1620 1006 lob
1640 991 1652 1010 ‚
1671 979 1750 1021 quae
1774 971 1973 1008 etiamnum

377 1029 418 1066 in
429 1023 659 1077 planioribus
668 1025 751 1063 locis
767 1033 870 1065 terra
884 1026 926 1062 H
930 1036 969 1061 us
982 1023 1033 1062 ad
1043 1024 1224 1062 Orientem
1236 1024 1350 1061 Suetae
1362 1024 1521 1061 ciuitatis
1537 1021 1752 1072 morstratur
1764 1048 1774 1067 ,
1785 1026 1862 1064 acci
1871 1027 1969 1066 Grae·

376 1086 426 1123 cis
436 1080 589 1134 aly'sque
607 1079 780 1118 Gentibus
791 1102 801 1122 ‚
812 1080 914 1133 quod
920 1079 1104 1131 Propheta
1113 1081 1133 1119 I
1134 1079 1177 1119 oh
1187 1077 1412 1135 ibisepultus
1411 1078 1467 1132 fit
1478 1082 1516 1118 in
1529 1077 1664 1118 honore
1672 1079 1854 1120 habeatur
1871 1113 1879 1121 .
1904 1083 1970 1122 De

377 1136 592 1180 huiusmodi
612 1135 811 1176 Columnis
826 1165 835 1181 ,
856 1136 1125 1189 Pyramidibus
1140 1165 1150 1181 ,
1163 1137 1205 1176 ὃ(
1220 1135 1401 1175 similibus
1420 1136 1468 1176 D.
1483 1136 1751 1176 Nazianzenus
1768 1140 1882 1179 Orat.
1903 1136 1969 1178 de,

376 1195 554 1236 laudibus
569 1192 697 1243 ssafilij
711 1196 852 1247 inquit.
867 1196 928 1233 Ex
943 1193 1075 1247 quibus
1087 1193 1391 1243 omnibutpraeter
1400 1195 1545 1233 inanem
1557 1192 1754 1247 quamdam
1776 1217 1788 1239 ‚
1811 1194 1858 1239 ἐφ’
1881 1196 1968 1234 exi-

373 1265 480 1306 guam
485 1252 640 1305 gloriam
655 1250 755 1290 nulla
762 1248 911 1304 prorsus
953 1250 1100 1290 vtilitas
1111 1250 1164 1289 ad
1169 1250 1398 1290 extractiores
1407 1250 1498 1303 redyn
1501 1260 1515 1288 t
1525 1281 1533 1290 .

433 1313 532 1350 Cum
547 1307 703 1349 excelsae
717 1307 764 1348 ad
779 1309 935 1362 triginta
947 1307 1080 1348 cubita
1092 1304 1278 1361 sepulcris
1297 1305 1484 1347 columnae
1499 1305 1718 1348 fisterentur
1741 1307 1964 1349 Demetrius

377 1366 592 1409 Phaleraeus
605 1366 687 1406 illas
702 1365 750 1406 ad
765 1375 840 1404 tres
855 1364 1010 1405 cubitos
1024 1364 1205 1404 coercuit
1218 1395 1228 1404 .
1259 1363 1405 1403 Cicero
1417 1363 1482 1403 lib.
1500 1376 1537 1406 2.
1551 1365 1602 1403 de
1621 1364 1788 1419 Legibus
1803 1365 1879 1406 ibi.
1902 1368 1970 1406 Su-

370 1436 440 1477 per
450 1435 552 1464 terra
563 1424 739 1463 tumulum
751 1423 867 1462 noluit
875 1422 969 1476 quid
979 1421 1094 1461 §latici
1106 1444 1118 1464 2
1131 1419 1204 1474 nfi
1209 1420 1429 1461 columellam
1439 1420 1556 1460 tribus
1568 1419 1696 1460 cubitis
1706 1434 1769 1461 nec
1776 1422 1944 1462 altiorem
1959 1452 1973 1463 .

380 1482 524 1522 Grauis
539 1481 626 1521 olim
643 1480 781 1521 mulsia
800 1479 1042 1533 irrogabatur
1055 1508 1065 1524 ‚
1080 1478 1107 1520 fi
1120 1481 1204 1533 quis
1221 1489 1285 1519 aut
1298 1476 1506 1517 Columnas
1517 1475 1681 1532 fregiffet
1694 1489 1758 1518 aut
1778 1478 1968 1523 deiciffet,

376 1540 515 1580 Caelius
531 1538 700 1592 Rodigin
712 1551 797 1590 cap.
813 1551 827 1577 1
837 1552 873 1588 9.
890 1537 954 1576 lib.
977 1550 1037 1582 17.
1047 1537 1147 1576 Lest.
1163 1540 1280 1590 antiq.
1297 1533 1374 1573 ibi.
1390 1534 1572 1574 Sancitum
1586 1548 1729 1588 quoque
1739 1535 1966 1590 legesc'imus‚

373 1607 421 1635 vt
427 1598 551 1648 grauis
560 1598 787 1648 irrogaretur
803 1595 948 1639 mulsia,
949 1593 994 1647 st
996 1596 1076 1648 quis
1089 1592 1233 1633 bustum
1248 1589 1410 1643 violasset
1418 1614 1430 1636 ‚
1442 1601 1508 1632 aut
1517 1605 1567 1631 ex
1570 1593 1737 1647 ftpulcro
1748 1596 1963 1636 Columnam

376 1653 545 1708 deiecsset
556 1650 801 1709 ‚fregfftque
817 1682 825 1692 .

150 1718 272 1755 ammata
289 1718 362 1755 sinse-
436 1709 633 1761 Qioniam
647 1710 695 1747 de
705 1707 907 1749 Columnis
921 1709 962 1748 ὃς
977 1707 1245 1762 pyramidibus
1269 1735 1280 1751 ,
1304 1721 1390 1760 quae
1410 1707 1516 1748 iuxta
1538 1704 1710 1760 sepulcra
1721 1706 1848 1761 pofita
1859 1714 1970 1747 erant

125 1757 238 1795 ΨΜ·
379 1764 501 1806 sermo
514 1764 566 1804 est
595 1764 749 1803 habitus
769 1785 781 1804 2
814 1763 863 1803 de
891 1763 976 1813 alij's
1005 1777 1165 1817 quoque
1185 1776 1269 1816 quae
1283 1762 1621 1815 sepulcrisinerant
1632 1777 1679 1803 ex
1709 1763 1973 1804 diuersarum..

377 1825 544 1876 gentium
561 1820 732 1860 moribus
748 1818 1027 1874 prosequemur
1043 1834 1056 1858 .·
1071 1821 1113 1859 &
1126 1819 1250 1873 primo
1263 1832 1345 1858 mos
1357 1818 1426 1858 fuit
1440 1819 1794 1873 Longobardorum
1818 1834 1828 1860 :
1850 1830 1890 1859 vt
1908 1823 1970 1859 in..
1997 1833 2044 1894 C

375 1879 629 1928 Coemeterljs
646 1902 657 1921 2
672 1877 738 1916 vbi
753 1877 833 1917 cari
846 1890 978 1917 eorum
992 1875 1111 1916 effent
1131 1874 1268 1929 sepulti
1288 1904 1297 1919 ,
1326 1879 1490 1929 perticas
1507 1887 1754 1930 apponerent
1775 1907 1784 1922 ,
1809 1875 1974 1931 desuper

374 1936 565 1977 habentes
578 1934 930 1987 columbasligneas
943 1932 1035 1972 illuc
1050 1930 1171 1971 versas
1184 1953 1196 1974 2
1220 1931 1285 1971 vbi
1311 1945 1442 1972 eorum
1456 1936 1535 1972 cari
1547 1930 1730 1984 obijffent
1752 1963 1762 1978 ‚
1791 1945 1908 1988 atque
1932 1942 1975 1974 vt

374 1991 501 2050 posset
513 1990 816 2032 scirivbieorum
827 2003 898 2030 cor
932 2004 1000 2030 ora
1012 1987 1271 2043 quiescerent;
1288 1999 1328 2028 vt
1346 2002 1392 2028 ex
1403 1990 1727 2030 PauloDiacono
1747 1990 1813 2032 lib.
1841 2004 1875 2042 5.
1906 2003 1974 2030 ca·

376 2054 450 2108 pit.
465 2063 527 2103 34.
546 2047 662 2089 refert
677 2050 792 2088 etiam
813 2050 893 2088 Car
927 2079 934 2087 .
955 2046 1145 2086 Batonius
1160 2046 1208 2085 ad
1224 2059 1358 2085 annum
1372 2051 1464 2098 673.
1480 2046 1544 2086 vbi
1558 2048 1746 2100 Spondan
1761 2061 1795 2087 n,
1813 2060 1843 2087 1.
1856 2050 1893 2087 in
1908 2046 1975 2087 fin.

435 2106 593 2148 Alicubi
607 2109 643 2145 in
658 2107 899 2154 coemeterijs
911 2105 1057 2144 erestas
1074 2107 1110 2143 in
1130 2102 1240 2157 palos
1256 2102 1492 2157 quarundam
1508 2101 1669 2144 ferarum
1690 2103 1834 2158 effigies
1858 2113 1971 2158 patet

373 2176 422 2204 ex
436 2164 494 2203 his
508 2193 516 2207 ‚
542 2177 626 2219 quae
644 2163 693 2203 de
706 2166 894 2203 Seruianis
916 2161 1015 2202 refet
1030 2165 1206 2215 Augerus
1220 2159 1460 2214 Busbequius
1485 2173 1546 2214 ep.
1564 2160 1661 2200 1.his
1673 2161 1798 2201 verbis
1820 2192 1828 2200 .
1859 2163 1977 2200 Erant

374 2224 415 2260 in
429 2223 634 2260 Coemeterio
643 2220 764 2259 ereblae
771 2222 810 2258 in
814 2219 1101 2273 palos'pleraeque
1110 2221 1308 2258 Ceruorum
1325 2246 1334 2260 ‚
1363 2216 1409 2259 &¹
1418 2216 1670 2261 hinnulorutm
1682 2218 1728 2260 ὠ·
1725 2217 1903 2269 similium
1903 2215 1973 2266 fe-

377 2291 504 2318 rarum
517 2278 560 2316 de
572 2279 665 2330 ligno
677 2276 847 2317 dedolata
860 2272 984 2328 effigies
998 2290 1008 2320 ;
1022 2288 1171 2328 cumque
1187 2272 1328 2327 causam
1338 2286 1590 2328 quaereremus,
1613 2273 1760 2314 aiebant
1782 2296 1794 2316 2
1818 2276 1968 2313 maritos

379 2343 444 2374 aut
455 2344 577 2383 patres
600 2350 640 2372 eo
656 2342 882 2373 monumento
895 2331 1042 2384 volufie
1053 2332 1184 2372 teflari
1200 2332 1384 2382 coniugum
1410 2339 1476 2370 aut
1485 2329 1653 2383 filiorum
1666 2333 1706 2370 in
1717 2329 1888 2369 obeundis
1902 2328 1966 2368 do-

384 2390 528 2440 mesticis
541 2387 665 2442 officy's
674 2389 889 2429 celeritatem
906 2390 953 2431 &
962 2389 1184 2439 diligentiam
1199 2415 1206 2421 -

441 2449 588 2487 Leones
617 2445 877 2499 sepulcrorum
894 2449 951 2488 ‚in
967 2445 1107 2497 quibus
1129 2445 1195 2482 viri
1216 2441 1336 2482 fortes
1359 2440 1497 2494 sepulti
1518 2439 1668 2483 fuerant
1688 2440 1886 2482 Pausanias
1906 2444 1971 2483 in„

379 2505 550 2545 Boeticis
562 2505 690 2558 inquit
711 2534 720 2543 .
756 2504 931 2541 Proximo
943 2501 1028 2539 Vrbi
1036 2501 1109 2539 loco
1122 2496 1571 2550 communeeflfipulcrum
1580 2497 1842 2539 Thebanorum
1865 2527 1877 2543 ‚
1908 2499 1976 2552 qui

382 2566 548 2614 inpugna
562 2570 687 2600 contra
695 2558 901 2610 Philippum
912 2555 1165 2611 defimc‘iifimt
1184 2570 1194 2596 :
1218 2554 1409 2609 Infiriptio
1417 2555 1517 2595 nulla
1534 2555 1677 2610 quidem
1700 2554 1874 2610 infiripta
1888 2553 1963 2599 eti,

388 2617 518 2670 insigne
538 2631 629 2656 vero
645 2617 774 2656 tumuli
784 2618 873 2656 LEO
884 2643 892 2657 ‚

446 2677 534 2713 Mos
549 2676 663 2714 etiam
676 2672 747 2712 fuit
758 2673 806 2712 ad
818 2676 1063 2727 antiquorum
1076 2669 1250 2726 sepulcra
1260 2668 1398 2711 statuas
1410 2683 1561 2724 ponere
1590 2683 1600 2708 :
1620 2666 1818 2709 Pausanias
1842 2670 1879 2709 in
1895 2669 1973 2710 La·
1999 2673 2051 2726 D

389 2744 469 2770 con
484 2732 537 2770 ibi
552 2763 558 2770 .
573 2730 883 2783 Cais‘fi’pulcrum‚
896 2729 1059 2782 &super
1074 2725 1424 2773 monumentoslatua
1446 2756 1457 2772 ‚
1480 2725 1686 2767 Athenaeus
1699 2725 1762 2766 lib.
1791 2739 1851 2780 13.
1867 2725 1970 2769 Alci-

388 2788 503 2827 biadis
515 2789 703 2839 imaginem
707 2785 820 2840 stiper
823 2785 991 2838 sepulcro
1005 2787 1129 2825 erexit
1141 2798 1191 2824 ex
1199 2788 1310 2837 pario
1323 2784 1443 2836 lapide
1452 2811 1462 2820 .

445 2844 647 2885 Foelrciori
659 2854 781 2883 autem
798 2842 964 2897 auspicio
980 2841 1290 2882 Christianorum
1305 2839 1546 2881 consuetudo
1559 2869 1568 2884 .
1592 2842 1657 2895 qui
1669 2840 1783 2881 etiam
1800 2854 1820 2880 a
1834 2838 1972 2896 priscis

387 2900 630 2955 temporibus
656 2903 694 2940 in
716 2901 845 2939 medio
857 2900 1077 2947 coemeterii
1108 2899 1274 2939 Crucem
1286 2912 1435 2953 ponere
1447 2896 1642 2941 solebant,
1674 2900 1765 2938 vtin
1780 2900 1970 2954 Epigram.

390 2954 849 3008 Veter.Pat.Monasterij
867 2954 980 2996 sandii
993 2953 1095 2996 Galli
1108 2955 1172 2996 vbi
1187 2955 1236 2995 de
1250 2969 1383 2996 eorum
1401 2955 1649 2996 Coemetcrio
1662 2982 1671 2991 ·

556 3016 659 3057 Inter
670 3014 765 3065 ligna
771 3008 838 3070 sbli
849 3012 921 3052 haec
927 3009 1149 3067 sanlitffima
1160 3016 1270 3053 Crux
1280 3011 1333 3052 est

117 3109 128 3116 ,
616 3073 635 3112 I
638 3084 661 3110 n
675 3084 748 3124 qua
759 3080 938 3122 perpetua.
946 3082 1055 3122 poma
1059 3068 1193 3123 salutis
1209 3069 1304 3108 olent
1318 3099 1328 3109 .

126 3129 132 3161 ι’
555 3131 598 3170 H
601 3141 667 3168 auc
678 3126 950 3166 circumlateant
964 3124 1135 3176 defimc‘la
1152 3125 1329 3166 cadauera
1328 3126 1519 3176 fratrum5
1548 3153 1550 3156 >

613 3183 707 3242 Qu
717 3183 886 3225 radiante
899 3185 1029 3243 iterum
1039 3184 1160 3242 Regna
1176 3183 1256 3242 Poli
1264 3185 1446 3236 accipiant
1458 3213 1468 3225 .
1829 3238 1870 3279 N

1873 3250 1919 3278 ec
