2206 3480
338 135 442 187 DE·
476 135 792 189 ROMAN.
837 135 1072 185 VIRIB.
1112 131 1251 184 SEV
1291 124 1579 184 POT'EN.
1672 145 1680 154 '
1740 153 1766 192 9

101 234 144 282 Α
172 226 261 268 dum
272 227 385 282 quod
397 239 548 281 magnus
560 226 732 266 Macedo
746 233 916 267 vouerat,
933 224 1048 264 orbes
1062 225 1215 264 inuenit
1227 231 1370 263 nouos?
1383 224 1477 262 tanti
1492 224 1677 263 momenti
1691 222 1763 264 fuit

169 283 368 339 imperasse
381 287 491 324 mari.
510 282 620 322 Nulli
634 279 852 322 Hollandos
865 279 982 324 aestus,
1001 281 1098 321 nulla
1113 293 1288 322 terruere
1298 276 1440 334 frigora
1453 309 1463 323 ‚
1481 278 1583 319 nulla
1594 277 1756 335 fregere;

171 345 280 382 etiam
294 355 365 395 per
376 338 456 396 ipsa
467 338 786 391 concretaglacie
799 337 916 377 maria
935 339 1055 391 (quae
1070 337 1270 390 posteritas
1281 335 1421 377 credet
1439 335 1487 388 Ρ)
1509 340 1690 392 nauigare
1701 338 1759 376 lu-

170 397 256 438 buit
270 398 312 438 &
323 408 467 437 naturae
484 399 553 434 vim
565 393 705 434 inferre
716 423 724 437 ‚
736 392 936 447 clausaque
949 391 1093 432 saeculis
1106 396 1211 433 retro
1223 393 1401 434 omnibus
1413 392 1581 434 claustra
1595 390 1751 434 reseras-

169 452 207 496 se
219 487 227 495 .
243 454 409 508 Magnos
424 455 582 494 animos,
596 461 637 491 et
649 449 674 489 si
685 464 775 490 vera
784 446 931 491 Christi
945 450 1076 504 religio
1091 448 1234 489 adesset
1247 479 1257 494 ‚
1277 448 1303 489 fi
1315 451 1442 504 pietas
1454 449 1494 494 ,si
1509 447 1630 491 causae
1646 451 1761 493 boni—

178 522 236 553 tas
247 533 260 554 ‚
273 510 438 563 imperio
453 506 589 562 dignos
599 507 876 547 indicaremus.

223 565 442 619 Sedgraues
451 563 630 618 sumptus,
645 564 686 604 ὃς
701 566 836 604 durum
849 565 1079 618 prouinciis,
1095 576 1239 603 armare
1252 562 1318 603 has
1335 576 1462 606 naues,
1475 562 1641 613 obijcie't
1653 561 1764 620 quis-

171 625 292 680 piam:
310 620 373 662 sed
389 619 682 675 respondemus,
697 619 795 661 nulla
811 620 908 661 bella
923 620 1000 661 sine
1014 617 1163 675 sumptu
1179 618 1340 663 stetisse,
1352 633 1465 674 quem
1479 623 1544 671 qui
1561 618 1661 660 ferre
1679 635 1760 662 non

170 677 391 736 potest‚seu
406 692 483 718 non
497 677 576 718 vult
587 707 597 722 ,
608 692 709 718 arma
720 689 865 731 ponat.
882 679 1073 719 Praeterea
1087 676 1112 716 fi
1130 675 1280 730 singulis
1296 675 1442 716 hostilis
1456 676 1593 731 praeda
1612 689 1762 717 conce-

175 737 314 780 datur,
333 735 438 776 vltro
459 745 616 775 current
636 737 673 774 in
694 748 817 775 arma:
841 733 1021 790 adeoque
1043 734 1086 775 &
1109 738 1351 790 priuatorum
1362 732 1609 774 facultatibus
1622 734 1761 776 armari

174 790 295 835 claffis
305 795 453 847 poterit
465 807 473 836 ;
487 790 511 832 fi
525 789 693 832 vniuersa
706 791 952 832 concedatur
966 792 1097 847 praeda
1107 805 1119 830 .·
1129 789 1217 831 sistit
1228 790 1363 845 praeda
1376 789 1589 844 sanguinem
1602 811 1614 833 ι
1628 789 1762 831 vulne-

175 850 279 893 ribus
296 851 489 893 medetur‚
513 847 823 903 dolorem21enit.
859 848 1068 889 Audiamus
1080 852 1116 888 in
1131 863 1172 888 re
1185 851 1340 888 nautica
1353 848 1588 887 Ciceronem
1603 850 1641 886 in
1662 847 1762 887 Ver-

174 911 286 950 rinis:
315 909 500 958 Sumptum
511 918 646 946 omnem
658 908 698 946 in
716 905 769 945 cla
794 919 846 945 em
860 928 870 948 2
888 903 1081 956 frumento
1092 928 1102 948 ‚
1116 903 1300 956 stipendio
1315 928 1325 947 ‚
1350 902 1556 958 caterisque
1566 903 1671 943 rebus
1689 903 1761 957 fico

175 962 379 1007 Nauarcho
389 975 536 1018 quaeque
546 964 674 1002 ciuitas
692 960 835 1016 semper
846 962 936 1002 dare
951 961 1094 1015 sblebat
1107 977 1116 1007 3
1146 966 1176 1000 is
1188 975 1319 1015 neque,
1335 970 1381 999 vt
1390 959 1617 1015 accusbretur
1627 958 1651 998 d
1665 973 1759 1000 nau·

173 1024 238 1065 tis,
252 1022 468 1060 committere
478 1018 655 1063 audebat,
688 1018 735 1062 ἐν
748 1017 885 1058 ciuibus
903 1020 982 1072 fitis
991 1022 1168 1059 rationem
1187 1016 1322 1069 rqfhrre
1333 1017 1504 1058 debebat:
1533 1018 1572 1055 in
1593 1016 1654 1056 illo
1664 1018 1763 1056 omni

111 1055 147 1107 B
173 1080 333 1130 negotio,
352 1089 424 1116 non
434 1075 666 1115 modolabore
682 1074 865 1128 sedetiam
874 1076 1035 1127 perzculo
1054 1075 1123 1129 sito
1138 1074 1374 1131 versabatur.
1407 1076 1499 1115 Erat
1511 1072 1579 1113 hoc
1593 1070 1757 1124 fizffiita-

174 1145 251 1176 tum
270 1132 413 1188 semper
423 1147 435 1171 .·
462 1145 534 1171 non
551 1131 672 1185 sblutn
681 1136 719 1171 in
734 1132 853 1171 Sicilia
863 1155 873 1174 ‚
893 1132 965 1185 fid
977 1137 1014 1171 in
1033 1132 1197 1171 omnibus
1221 1132 1442 1185 prouincy'ss
1459 1133 1568 1170 etiam
1578 1132 1619 1168 in
1639 1128 1763 1183 [ὁσίο-

173 1204 254 1232 rum
269 1190 533 1233 &Latinorum
554 1186 751 1240 Ripendio,
773 1202 815 1227 ac
832 1187 1004 1240 sumptu,
1023 1198 1099 1228 tum
1117 1202 1195 1228 cum
1209 1189 1351 1229 illorum
1362 1187 1517 1240 auxilq‘s
1531 1188 1592 1226 vti
1610 1184 1758 1240 sbleba-

173 1258 271 1289 mus.
302 1247 423 1285 Verres
425 1244 511 1297 posi
522 1246 716 1296 Imperium
728 1244 960 1285 constitutum
969 1275 979 1289 ‚
987 1248 1129 1296 primus
1143 1247 1337 1299 imperauit
1347 1267 1359 1287 ‚
1371 1254 1419 1284 vt
1426 1257 1467 1284 ea
1475 1245 1630 1296 pecunia
1645 1246 1759 1282 omnis

173 1305 197 1344 αὶ
207 1300 413 1344 ciuitatibus
427 1301 811 1356 fibladnumeraretur
820 1325 830 1344 ‚
850 1297 901 1340 'vt
912 1304 942 1340 is
951 1315 1029 1342 eam
1036 1305 1227 1353 pecuniam
1238 1302 1416 1341 traHaret
1430 1331 1439 1340 .
1473 1300 1598 1340 Vides
1613 1299 1684 1338 hic
1698 1302 1761 1338 in..

173 1362 336 1402 nauticis
361 1357 564 1412 stipendijs
593 1369 764 1398 veterem
793 1360 1059 1398 Romanorum
1081 1372 1228 1397 morem
1249 1372 1258 1397 .·
1287 1357 1434 1412 probat
1456 1355 1560 1397 hunc
1585 1360 1734 1396 Cicero
1751 1384 1763 1400 ,

172 1418 327 1459 damnat
337 1415 515 1455 Verrem.
551 1416 604 1455 Vt
623 1428 700 1455 non
721 1429 919 1456 vereamur
932 1429 1003 1455 nos
1017 1416 1108 1456 inde
1123 1419 1260 1455 imitari
1275 1416 1477 1455 Romanos
1495 1412 1617 1457 Orbis
1639 1412 1763 1453 domi-

176 1486 280 1516 tores
291 1503 299 1511 .
1457 1493 1460 1496 ⁴

220 1529 362 1573 Classes
377 1530 693 1570 Romanorumin
708 1526 945 1570 fluminibus:
966 1532 1088 1583 prima
1102 1531 1137 1568 in
1162 1526 1325 1572 Rheno,
1359 1528 1410 1569 de
1429 1524 1763 1583 quaHegesippus

169 1603 219 1631 ex
229 1585 398 1641 Iosepho
408 1584 542 1626 scribit
554 1600 562 1625 :
574 1584 722 1624 Rhenus
730 1587 855 1639 itaque
865 1589 938 1626 iam
948 1598 1020 1626 non
1034 1588 1296 1625 Germanorum
1309 1586 1416 1639 copq's
1427 1585 1602 1636 repletur,
1610 1583 1682 1637 [ἑά
1691 1586 1763 1623 Ro-

170 1657 358 1686 manorum
381 1642 545 1696 liburny's
559 1671 567 1685 ‚
587 1655 665 1696 quae
682 1653 876 1694 permutes
895 1652 949 1682 tot
968 1642 1085 1697 vfiyne
1103 1643 1155 1682 ad
1171 1656 1271 1682 mare
1295 1642 1450 1682 bicornis
1464 1643 1580 1681 amnis
1591 1640 1738 1695 fluenta
1751 1670 1763 1685 ,

168 1701 350 1758 quondam
361 1700 490 1740 liberas
503 1708 623 1751 gentes
641 1699 798 1754 seruitio
804 1708 990 1752 premunt.
1027 1701 1177 1741 Partem
1194 1699 1306 1740 huius
1331 1697 1451 1739 claffis
1466 1701 1579 1738 certo
1587 1695 1757 1738 extitiise

169 1760 218 1801 ad
230 1762 372 1799 exitum
389 1755 580 1807 fluuij‚vbi
593 1756 736 1797 Pharus
746 1755 964 1812 olim‚quam
978 1760 1121 1798 Arcem
1139 1758 1408 1798 ssritannicam*
1421 1769 1527 1797 nunc
1544 1754 1760 1810 appellant,

167 1817 306 1872 quiain
320 1816 553 1855 Britanniam
564 1827 608 1853 ea
621 1813 867 1854 commeabat
880 1845 888 1853 .
920 1814 1053 1854 Altera
1069 1813 1241 1854 clasfisin
1259 1815 1448 1854 Danubio
1461 1839 1471 1858 ‚
1488 1812 1537 1852 de
1554 1827 1630 1868 qua
1642 1811 1760 1851 Taci-

169 1876 272 1914 tusin
287 1871 468 1914 Annalib.
481 1870 612 1911 lib.12.
626 1872 781 1910 Vannius
795 1868 977 1921 fitnditur
1000 1871 1129 1923 praelio
1142 1894 1152 1914 ‚
1168 1871 1276 1915 &ad
1284 1867 1419 1929 claffi’m
1435 1873 1474 1910 in
1487 1868 1660 1909 Danubio
1678 1878 1760 1919 ope·-

178 1933 330 1971 rientem
346 1926 522 1982 perfugit.

223 1989 372 2029 Summa
389 1989 505 2025 totius
527 1983 693 2039 praesidii
715 1987 753 2025 in
781 1985 963 2026 Romano
991 1985 1163 2039 Imperio
1191 1984 1384 2038 colligitur
1409 1996 1481 2036 per
1503 1981 1669 2036 Lipsium
1695 1978 1762 2022 de..
1789 1979 2007 2045 ,ἔξῇζζωκ-

167 2043 427 2098 magnitudine
443 2042 609 2082 Roman.
632 2045 679 2082 In
708 2043 925 2096 prouinciis
947 2044 1082 2093 copias
1097 2054 1175 2079 non
1193 2042 1312 2080 minus
1324 2037 1429 2079 fuisse
1449 2038 1627 2079 ducentis
1644 2042 1760 2093 quin·
1781 2027 2010 2093 1m‡0r;0‚⁰'⁷'⁴'³⁰

169 2101 351 2156 quaginta
362 2097 527 2138 millibus
539 2102 714 2137 circiter.
749 2100 792 2138 In
817 2096 971 2136 Vrbein
986 2094 1199 2137 vniuersum
1213 2099 1347 2151 viginti
1358 2093 1421 2136 sex
1432 2094 1546 2135 millia
1562 2095 1727 2136 militum
1743 2111 1754 2140 ;

170 2159 212 2197 δε
223 2158 309 2209 post
321 2159 500 2196 Seuerum
514 2153 573 2194 vel
587 2154 636 2194 ad
648 2153 848 2207 sexagena.
878 2155 921 2192 In
946 2150 1122 2194 clastibus
1135 2153 1314 2193 omnibus
1328 2166 1405 2193 non
1426 2155 1545 2192 minus
1564 2163 1755 2194 centum-³

165 2213 329 2255 millibus
339 2210 493 2252 militum
504 2240 514 2255 ,
533 2214 815 2264 remigumque:
848 2213 1018 2263 quamuis
1031 2209 1215 2265 Agathias
1228 2209 1431 2250 historicus
1441 2209 1572 2264 plures
1588 2207 1693 2249 fuisse
1706 2207 1759 2248 as-

163 2270 323 2312 seueret:
353 2282 437 2309 nam
450 2266 498 2306 de
510 2266 998 2321 Iustinianiaeuoloquen82
1031 2278 1144 2322 negat
1167 2272 1304 2322 copias
1328 2267 1596 2307 Romanorum
1610 2276 1754 2311 tantas,

169 2337 327 2382 quantas
342 2325 433 2366 olim
447 2323 539 2369 esse3
561 2337 632 2364 nec
645 2327 718 2364 iam
730 2320 902 2364 sufficere
916 2323 1044 2365 tutelae
1058 2325 1213 2379 Imperii
1227 2335 1369 2364 contra
1381 2322 1535 2363 hostes:
1557 2335 1644 2364 cum
1658 2326 1758 2364 enim

166 2385 294 2439 inquit
306 2411 315 2426 ‚
326 2381 374 2422 ad
393 2381 572 2437 sexcenta
583 2380 827 2436 quadraginta
838 2383 998 2435 quinque
1011 2381 1126 2420 millia
1138 2381 1294 2421 militum
1307 2393 1384 2425 ,eas
1396 2379 1580 2436 colligere
1593 2392 1760 2435 oporte-

168 2453 228 2481 ret
244 2456 252 2480 :
269 2442 332 2479 vix
347 2451 440 2479 tunc
452 2442 490 2479 in
507 2450 661 2478 centum
678 2441 958 2492 quinquaginta
981 2438 1145 2479 millibus
1161 2437 1427 2479 consistebant
1443 2470 1451 2478 .

220 2499 428 2549 Qoniam„
440 2506 480 2536 vt
492 2496 666 2540 diximus,
682 2494 860 2550 praefidia
874 2494 994 2536 militsi
1007 2495 1281 2551 exlonginquis
1301 2497 1343 2536 ὃς
1359 2495 1558 2535 limitaneis
1572 2496 1671 2534 locis
1685 2509 1753 2535 ex-
1784 2500 1965 2535 Dece-²024*-

168 2553 301 2593 tabant
316 2568 326 2596 ;
349 2557 386 2592 in
399 2553 533 2602 mediis
550 2564 672 2593 autem
683 2554 899 2606 prouinciis
911 2566 1038 2606 pauca
1048 2564 1112 2593 aut
1125 2552 1224 2593 nulla
1234 2552 1434 2606 prcefidia5
1459 2549 1524 2593 sed
1537 2550 1624 2592 haec
1649 2553 1751 2592 inte-

168 2612 274 2651 riora
289 2611 329 2650 ὃ(
345 2613 476 2665 quieta
489 2608 576 2648 loca
588 2610 769 2648 tuebatur
786 2609 952 2648 Romani
964 2610 1163 2648 Coloniam
1177 2609 1583 2663 dedue‘tionemptimo
1599 2609 1759 2649 Romuli

170 2666 365 2711 institut05
386 2667 571 2721 quivicstis
584 2666 751 2705 finitimis
764 2665 920 2719 oppidis
933 2665 1207 2719 autgentibus,
1227 2677 1378 2720 partem
1399 2679 1528 2706 earum
1551 2663 1683 2706 solitus
1695 2659 1756 2706 iuss

95 2714 143 2765 D
169 2722 316 2762 Vrbem
326 2724 369 2762 &
381 2724 430 2763 ad
443 2721 477 2762 se
489 2723 714 2763 traducere,
735 2732 884 2776 partem
895 2721 974 2762 illic
991 2723 1212 2777 relinquere
1225 2737 1235 2766 3
1259 2720 1322 2763 sed
1334 2722 1383 2764 fic
1398 2732 1439 2764 vt
1456 2720 1539 2762 suos
1553 2723 1752 2763 Romanos

167 2774 343 2819 misceret
353 2778 401 2818 ad
413 2779 623 2820 custodiam
639 2780 682 2819 ὃ(
696 2779 862 2832 regimen
875 2808 885 2823 ,
917 2793 965 2819 ne
979 2779 1074 2834 quid
1085 2792 1289 2820 mouerent
1303 2795 1312 2820 :
1343 2793 1409 2820 eos
1423 2778 1474 2819 fic
1490 2777 1612 2819 miffos
1629 2779 1755 2819 Colo-·

169 2848 241 2877 nos
254 2834 496 2890 appellarunt
512 2851 522 2880 ;
540 2836 583 2876 &
608 2835 656 2876 ab
684 2849 861 2889 agrorum
884 2849 995 2876 nouae
1017 2835 1178 2877 culturae
1190 2837 1427 2877 dediieiione
1450 2834 1547 2890 ipsas
1571 2836 1756 2876 Colonias

170 2891 420 2947 appellarunt
435 2922 443 2931 .
476 2892 633 2934 Vtilitas
648 2894 685 2931 in
699 2892 777 2931 hoc
792 2894 912 2932 varia:
938 2896 1062 2947 prima
1077 2893 1315 2934 alleuabatur
1327 2893 1429 2934 Vrbs
1442 2890 1521 2946 ipsa
1538 2893 1662 2932 Roma
1677 2920 1685 2934 ‚
1714 2891 1756 2929 ὅτ.

170 2947 396 3003 superfluant
412 2971 422 2990 2
436 2947 974 3004 nimiamquemultitudinem,
986 2959 1026 2989 vt
1037 2947 1248 3004 sanguinem
1259 2950 1475 2992 emittebat,
1491 2954 1556 3003 qui
1572 2947 1624 2988 fic
1638 2948 1750 2987 vacui

170 3003 295 3045 soboli
318 3008 433 3058 magis
455 3003 665 3044 vacabant:
696 3017 888 3057 praeterea
912 3019 1100 3046 nouorum
1123 3004 1314 3061 hospitum
1339 3008 1511 3047 aduentu
1525 3004 1613 3043 loca
1627 3003 1754 3058 polie-

169 3060 308 3102 bantur
319 3067 430 3102 etiam
445 3064 583 3101 artium
595 3061 768 3101 inuestu:
794 3062 835 3100 ἅ
853 3062 990 3102 Diuina
1003 3063 1257 3116 prouidentia
1272 3064 1351 3103 hoc
1374 3061 1453 3103 fine
1470 3062 1640 3100 Graecos
1658 3061 1752 3099 olim

168 3120 206 3158 in
221 3118 345 3158 Asiam
359 3120 401 3158 ὃς
416 3119 612 3171 Europam
623 3130 694 3172 per
710 3118 896 3157 maritima
907 3119 997 3157 loca
1012 3119 1217 3172 disposuit,
1239 3131 1280 3160 vt
1302 3120 1417 3159 rudes
1439 3114 1664 3171 ferocesque
1682 3116 1752 3156 hu-

171 3176 349 3214 manitate
363 3175 412 3216 ad
427 3179 577 3216 mitiora
592 3174 724 3216 studia,
739 3174 783 3212 ὅ(
796 3187 921 3214 mores
936 3173 1189 3216 transferrent
1203 3204 1213 3221 ,
1227 3175 1335 3231 quod
1348 3175 1465 3225 ijdem
1481 3173 1650 3213 Romani
1663 3187 1756 3213 mox

171 3226 322 3271 fecere:
349 3235 461 3274 tertia
475 3232 636 3277 vtilitas,
661 3233 752 3287 quia
768 3231 967 3272 Romanus
982 3229 1125 3288 sanguis
1150 3235 1188 3271 in
1216 3232 1448 3327 totrenlisotis
1468 3230 1566 3271 locis
1589 3229 1731 3325 spErsus
1746 3258 1755 3272 2

1605 3301 1626 3327 e
1659 3298 1699 3326 et

1814 1516 1909 1553 Claffcs
1920 1518 1946 1544 ἔνι
1954 1518 2009 1553 fiu-

1783 1558 1896 1587 mim’bus
1907 1577 1915 1585 .
