2206 3480
539 99 667 155 DE
741 103 1280 161 M1L1T1A2
1656 134 1756 176 411

99 203 138 260 Δ
166 209 293 241 tamen
318 196 506 240 factorum
528 197 817 254 magnitudine.
845 199 1175 242 commendatum
1198 200 1530 245 illud‘Germanici
1553 205 1657 259 apud
1681 209 1762 250 Ta·

171 259 294 304 citum
324 288 334 297 .
361 259 516 308 Propria
537 261 693 309 pecunia
717 258 867 297 militem
892 259 989 297 iuuit
1011 272 1024 303 ;
1059 268 1179 313 vtque
1211 258 1322 300 cladis
1342 264 1550 302 memoriam
1573 266 1683 303 etiam
1707 278 1764 306 co-

173 318 311 355 mitate·
327 313 475 357 leniret,
506 316 695 354 circumire
712 313 858 368 fflucios
871 343 881 358 ,
900 311 1012 365 jbc‘ia
1029 315 1255 370 singulorum
1285 317 1462 357 extollere
1477 343 1491 364 ‚
1520 319 1677 360 vulnera
1699 325 1758 361 in·

173 380 275 411 tuens
286 385 296 415 ς
307 371 499 425 aliumfpe,
510 371 623 411 alium
634 368 752 423 gloria
762 399 772 415 ,
792 373 934 413 czmHos
945 372 1104 426 alloquio
1116 373 1162 414 ἐπ’
1176 384 1262 412 cura
1279 373 1358 426 fibi
1370 374 1415 417 ὠ
1423 377 1548 426 praelio
1554 377 1738 433 firmabat
1747 409 1757 419 .

231 427 401 468 Addieta
413 428 526 468 militi
537 426 729 481 stipendia
742 441 790 468 ex
805 427 881 468 fide
894 429 1261 474 numeraricurabit3
1275 431 1384 484 quod
1400 433 1461 471 vbi
1473 433 1532 477 fit,
1544 436 1674 488 puniri
1687 436 1758 476 de-
1812 448 1945 476 Minoam·
1961 449 2013 484 sti·

172 484 264 527 lici-ta
277 482 456 538 possunt:
485 498 572 524 cum
589 496 729 525 contra
743 484 876 525 dutum
889 483 951 528 fit.
976 485 1138 537 maligne
1151 486 1341 539 stipendia
1357 501 1573 533 numerare,
1603 492 1644 531 &
1658 495 1759 547 rapi·
1777 487 2007 526 P‘nd'asbl‘ffn‘ffi·

171 556 240 582 nas
250 542 470 581 vindicare:
496 539 669 581 exsoluat
681 544 790 596 quod
806 542 926 582 debet
938 541 1172 586 militiDux,
1196 545 1402 597 &puniat‚
1426 560 1497 587 nec
1521 549 1758 591 relutstantes

169 599 345 638 inueniet
359 609 547 638 nocentes
562 621 574 641 ‚
595 612 665 638 nec
678 599 905 640 damnantes
918 598 1032 639 alios:
1063 600 1206 638 atvero
1229 613 1306 640 non
1319 600 1514 643 exsoluere
1531 605 1571 645 ὃ(
1588 603 1756 652 saeuire„

172 654 390 695 barbariem
406 653 868 707 &seditioniproximum
883 654 962 695 est:
991 658 1187 709 praemiare
1211 656 1252 696 δε
1276 661 1414 711 punire
1434 661 1578 701 Ducis:
1603 667 1759 715 punire,

166 721 316 752 tantum
330 710 549 752 carnificis:
573 711 768 752 absoluere
792 713 835 751 ὃ(
859 712 1152 764 punireiudicis
1176 712 1250 754 est.
1283 715 1355 756 Vis
1378 715 1573 757 militarem
1589 718 1757 774 discipli·

165 782 256 809 nam
266 765 542 810 sacrosanostam
558 770 599 809 &
612 769 790 809 intactam
803 768 986 823 ?praemia
1001 767 1354 815 benemerentibus,
1373 785 1512 826 poenas
1524 774 1734 830 delinquen
1744 797 1755 806 -

165 825 296 870 tibus,
325 823 494 880 .vtrisque
507 823 692 866 consueta
704 824 918 881 debitaque
933 825 1106 867 militaria
1119 826 1310 881 stipendia
1322 842 1438 882 para:
1465 829 1492 871 si
1519 832 1606 886 quis
1633 835 1673 874 in
1697 834 1757 876 his

164 883 316 924 tardior
327 905 341 925 2
355 880 580 923 seditionem
593 883 780 936 expectet
790 911 800 926 ‚
825 883 868 923 ὃ(
882 883 1126 937 Reipublicae
1139 888 1332 926 interitum
1348 913 1358 923 .

220 939 462 979 Militat-ibus
475 937 724 979 seditionibus
738 937 893 980 fortiter
907 940 1000 982 Dux
1012 953 1219 986 occurret3
1237 940 1362 983 causas
1374 942 1515 985 illarum
1531 950 1756 999 anteproui·
1777 960 1947 991 reditionibus
1966 972 2005 991 ae.

165 993 219 1036 da
237 1008 331 1036 cura
345 1007 517 1040 auertat,
543 995 729 1050 pullulare
753 995 891 1037 semina
914 1010 990 1037 non
1005 1001 1231 1052 permittat;
1269 1000 1464 1054 quidquid
1488 1002 1545 1043 est
1574 1005 1748 1046 tastum„
1775 1002 1952 1033 ‘¹⁴''¹’³³¹⁴⁷⁷'-

106 1037 145 1093 Β
164 1051 328 1097 euellat;
349 1051 542 1108 quidquid
571 1065 700 1095 natum
722 1053 912 1098 demetat,
939 1065 1002 1094 aut
1023 1059 1059 1095 in
1089 1055 1211 1095 herba
1231 1053 1292 1097 sua
1317 1055 1502 1099 suffocet:
1533 1074 1667 1115 magna
1683 1061 1748 1103 hic

160 1111 350 1164 pietasest
362 1108 511 1153 saeuire,
540 1124 673 1165 magna
686 1110 796 1151 nullis
807 1109 1001 1151 securibus
1023 1115 1211 1166 pat-cere:
1241 1115 1282 1154 &
1310 1111 1395 1155 sane
1411 1115 1602 1171 quidquid
1617 1122 1654 1158 in
1669 1118 1750 1161 hoc

158 1180 301 1220 genere
312 1165 466 1207 crudele
481 1196 490 1211 ,
511 1169 638 1219 pimm
664 1167 858 1222 quidquid
871 1171 973 1222 pium
990 1170 1150 1209 crudele
1163 1169 1236 1210 est:
1257 1183 1344 1212 cum
1375 1186 1423 1212 ex
1436 1172 1517 1213 hoc
1531 1189 1605 1214 vno
1622 1177 1754 1230 capite

160 1228 329 1263 omnium
345 1222 422 1265 fere
436 1225 646 1278 primorum
663 1225 776 1267 Orbe
789 1235 874 1265 toto
892 1239 1095 1278 regnorum
1108 1224 1425 1269 funestaexcidia
1436 1242 1522 1271 nata
1537 1231 1622 1274 sint,
1641 1234 1756 1273 &in-

159 1278 305 1334 sepulta
317 1282 514 1321 cineribus
527 1278 596 1320 suis
617 1282 724 1322 orbis
743 1285 1081 1336 imperiaiaceant.
1111 1282 1243 1325 causae
1272 1299 1319 1326 ex
1346 1286 1402 1325 his
1427 1292 1562 1333 variae;
1585 1289 1755 1331 militaris

158 1336 413 1391 improbitas,
438 1335 658 1381 insolentia,
687 1337 1069 1381 bellorumlaffitudo
1089 1370 1099 1383 ‚
1137 1355 1330 1383 armorum
1351 1344 1523 1390 taedium,
1553 1357 1754 1389 veterum..

159 1391 348 1435 fastidium
364 1423 374 1438 ,
393 1408 584 1435 nouorum
610 1395 864 1440 desiderium.
889 1395 1048 1451 speratae
1074 1399 1111 1438 in
1128 1398 1291 1439 turbido
1312 1415 1431 1454 opes,
1454 1401 1650 1444 honores:
1674 1407 1757 1444 Du-

159 1463 249 1490 cum
271 1454 447 1495 auaritia,
470 1451 728 1507 indulgentia,
745 1455 915 1508 ignauia,
937 1454 1147 1496 crudelitas
1167 1485 1177 1500 ,
1203 1454 1409 1511 superbia,
1437 1460 1569 1503 luxus,
1590 1460 1754 1503 violata,

158 1507 277 1549 fides,
293 1519 357 1548 aut
369 1509 544 1550 maritalis
558 1510 719 1551 thorus:
736 1512 885 1564 priuati
901 1510 1057 1552 alicuius
1068 1514 1180 1553 nimia
1196 1518 1375 1567 potentia
1387 1545 1396 1559 ,
1413 1523 1533 1570 gratia
1548 1541 1560 1561 ,
1572 1518 1755 1559 ambitio:

156 1564 336 1605 locorum
359 1570 557 1621 asperitas,
576 1580 812 1608 commeatus
834 1570 989 1622 inopia.
1017 1572 1140 1620 aerarij
1166 1570 1329 1625 egestas,
1357 1573 1514 1628 maligna
1539 1574 1755 1629 stipendio-

155 1636 240 1662 rum
251 1620 392 1663 solutio
410 1654 418 1663 .
433 1621 718 1680 Hiscequippe
729 1624 850 1666 caufis
865 1628 1032 1679 Imperia
1043 1625 1121 1667 fere
1135 1631 1262 1668 omnia
1279 1630 1457 1669 militares
1468 1628 1676 1672 seditiones
1690 1646 1758 1672 ex-

154 1690 293 1733 perta:
313 1693 475 1733 quantas
486 1680 640 1735 legimus
653 1697 688 1722 tn
706 1686 887 1725 Romano
907 1686 1076 1735 imperio
1097 1682 1167 1724 sub
1188 1684 1366 1730 Tiberio,
1384 1687 1554 1728 Claudio
1567 1717 1578 1733 ,
1606 1687 1754 1743 Vespa-

155 1735 281 1779 liano,
299 1737 452 1780 Nerua,
474 1739 723 1782 Commodo,
752 1741 980 1782 Pertinace,
1000 1740 1201 1780 Caracalla
1217 1764 1228 1783 2
1254 1742 1488 1787 Maximino,
1518 1744 1732 1785 Gordiano
1746 1775 1757 1791 ,

155 1793 351 1837 Maximo,
372 1794 582 1849 Philippo,
598 1796 748 1836 Decio.
771 1790 1004 1851 reliquisque
1017 1800 1144 1851 prope
1159 1801 1317 1838 omnino
1332 1801 1529 1840 omnibus:
1556 1812 1595 1841 vt
1616 1804 1758 1842 merito

89 1869 135 1922 C
156 1851 297 1890 audeat
312 1851 442 1891 Liuius
460 1865 469 1891 ε
499 1858 675 1893 aeternas
692 1862 772 1904 opes
785 1850 845 1902 esse
867 1853 1050 1892 Romanas
1063 1875 1073 1894 ,
1095 1854 1167 1903 nfi
1189 1857 1287 1892 inter
1304 1856 1755 1911 fimetzpsbsftditionibus

141 1905 331 1961 fieuiant:
350 1907 392 1946 id
403 1921 521 1947 vnum
533 1921 714 1948 venenum
726 1932 737 1951 ‚
759 1921 837 1946 eam
857 1907 973 1947 labem
984 1909 1196 1950 ciuitatibus
1209 1911 1384 1962 opubentis
1395 1924 1594 1965 repertam,
1618 1924 1755 1955 vtma-

147 1976 223 2017 gna
235 1965 395 2016 Imperia
407 1965 576 2005 mortalia
586 1964 689 2016 essent
701 1995 710 2004 .
911 1982 915 1985 ·
970 1983 987 2001 n
996 1982 1007 2000 ι·
1116 1999 1119 2002 Α
1339 1996 1341 2001 ,

212 2023 270 2063 Vt
284 2019 403 2061 causae
415 2022 615 2065 tollantur,
640 2022 682 2060 &
697 2019 865 2061 remedia
880 2019 1106 2062 seditionum
1124 2034 1334 2076 petantur:
1363 2024 1492 2065 Ducis
1514 2025 1656 2068 esthoc
1670 2042 1751 2069 mu·
1792 2041 1914 2070 Remedia
1927 2044 1996 2082 sw-

155 2089 225 2118 nus
237 2090 251 2115 .·
272 2079 454 2118 mutanda
468 2080 569 2128 enim
584 2077 674 2117 belli
690 2075 792 2117 sedes
808 2081 845 2118 in
861 2077 1042 2118 locorum
1058 2078 1285 2134 asperitate;
1317 2085 1354 2121 in
1372 2089 1753 2142 commeatusinopia
1771 2084 1890 2112 '‘mnus’'-

152 2133 343 2189 prouidus
360 2133 420 2174 ille
435 2135 594 2175 cauebit
612 2162 624 2178 ‚
642 2148 691 2174 ne
713 2139 750 2174 in
774 2132 1150 2176 hancneceffitatem
1163 2136 1296 2178 milites
1308 2138 1617 2189 compellantur:
1643 2144 1752 2184 mali-

152 2204 237 2245 gnae
246 2189 524 2244 stipendiorum
535 2190 714 2232 solutioni
726 2191 1013 2232 occurrendum
1027 2207 1037 2237 ;
1051 2207 1177 2248 neque
1189 2197 1287 2234 enim
1301 2197 1511 2251 quidquam
1527 2201 1641 2254 magis
1652 2214 1750 2254 pro-

153 2250 298 2288 ximum
313 2246 493 2289 seditioni
505 2249 772 2291 concitandae:
804 2250 846 2290 &
863 2250 953 2290 dum
966 2254 1138 2292 aerarium
1154 2251 1347 2297 exhausit,
1369 2256 1518 2308 praedas
1542 2270 1590 2297 ex
1609 2255 1747 2301 hoste.)

150 2310 356 2360 permittat
368 2334 381 2349 ‚
401 2317 465 2345 aut
475 2303 895 2360 magnissponfionibus
912 2307 989 2346 alat
1001 2338 1011 2347 .
1220 2334 1223 2335 ν

211 2362 448 2402 Auertendae
459 2361 641 2403 seditioni
657 2364 783 2404 Ducis
792 2362 1001 2404 liberalitas
1012 2364 1194 2418 prodest.-
1221 2365 1246 2406 fi
1257 2367 1413 2409 videant
1428 2369 1563 2409 milites
1575 2369 1740 2412 modicis

152 2417 258 2459 illum
273 2431 499 2460 contentum
514 2425 643 2460 viuere
655 2442 667 2464 ‚
695 2422 736 2461 ὃ(
747 2420 1071 2476 leuiparabilibus
1086 2436 1093 2444 ·
1111 2422 1325 2478 benignitas
1342 2429 1454 2466 etiam
1467 2426 1720 2483 comitasque,
1733 2452 1749 2474 v

155 2477 200 2516 ὅτ.
211 2475 386 2516 vltronea
398 2481 510 2517 etiam
532 2475 757 2519 inferiorum
767 2478 927 2519 militum
939 2478 1194 2533 compellatio
1210 2513 1219 2522 .

213 2531 294 2574 Sub
307 2533 453 2574 initium
469 2548 517 2574 ne
526 2532 733 2575 seditiones
744 2533 976 2579 coalescant.
990 2537 1119 2578 danda
1135 2541 1298 2592 primum
1315 2553 1436 2593 opera
1452 2555 1462 2584 ;
1477 2539 1501 2579 si
1515 2542 1746 2588 coaluerint,

156 2586 285 2629 danda
299 2592 460 2643 primum
473 2605 617 2645 opera,
636 2603 677 2632 vt
693 2596 821 2647 copiae
847 2592 1096 2635 diuidantur:
1121 2594 1266 2636 cadent
1292 2608 1386 2638 tunc
1401 2596 1452 2637 ilii
1475 2602 1605 2639 animis
1619 2630 1629 2640 .
1651 2602 1698 2642 Et
1722 2602 1746 2643 ὲ

158 2645 349 2700 Dionysio
361 2645 527 2688 feliciter
537 2646 677 2689 fastum
693 2679 703 2689 .
1182 2668 1185 2671 ‘

79 2694 132 2749 D
213 2701 507 2746 Deinfimonita
521 2705 680 2747 alicuius
691 2706 921 2748 admittant:
947 2717 1053 2761 grata
1072 2707 1144 2748 fint
1158 2709 1361 2765 colloquia
1384 2710 1563 2752 mollibus
1586 2712 1748 2755 referta..

158 2759 299 2802 verbis,
326 2760 477 2815 culpam
491 2768 663 2804 minuant
676 2793 685 2808 ,
699 2764 792 2804 &in
809 2777 953 2819 paucos
966 2764 1148 2805 delistum
1162 2768 1402 2817 conijciant:
1419 2783 1495 2808 non
1518 2770 1592 2810 leui
1604 2774 1652 2811 ad
1668 2786 1746 2811 me-

157 2814 522 2860 lioraincitamento
535 2818 825 2862 crunnfaaestum
851 2823 872 2862 ἐι
895 2822 1082 2876 Scipione
1107 2823 1350 2865 Germanico
1366 2853 1376 2869 ‚
1401 2827 1566 2867 Othone
1589 2828 1631 2869 ὅ(
1662 2830 1746 2880 alijs

156 2870 325 2913 successu
347 2873 449 2916 felici
472 2907 482 2917 .
536 2880 540 2886 '
1529 2895 1531 2897 ·

214 2934 386 2972 Fortiter
397 2930 432 2972 se
445 2932 561 2974 etiam
578 2932 792 2989 aliquando
803 2934 898 2976 Dux
912 2931 993 2988 ipse
1006 2946 1206 2990 opponat.
1226 2937 1381 2979 fastum
1397 2940 1417 2979 a
1432 2939 1622 2994 Pompeio
1640 2969 1649 2984 ‚
1663 2941 1750 2982 Cae-

152 2985 254 3032 sare,
269 2989 527 3030 Germanico:
546 2988 609 3030 sed
627 3005 764 3045 magno
779 2991 844 3032 hic
858 3004 959 3047 opus
971 2992 1116 3033 robore
1129 3017 1140 3037 ‚
1159 2995 1375 3036 constantia
1389 2996 1574 3042 ,fiduciam
1591 3009 1629 3038 vt
1645 2999 1748 3038 inter

154 3047 280 3085 ruinas
294 3074 305 3089 .
329 3048 370 3086 &
391 3045 533 3086 ferrum
554 3048 598 3087 &
614 3047 798 3089 barbaras
815 3051 1145 3090 vocesinterritus
1168 3052 1361 3106 periistat.
1398 3055 1530 3094 Nemo
1555 3056 1746 3109 prospero

153 3099 413 3143 hoesneceffu
429 3102 562 3148 faciet,
579 3102 644 3144 nisi
662 3119 794 3159 magna
806 3105 910 3146 illum
924 3106 1127 3147 auctoritas
1141 3137 1151 3152 ,
1167 3111 1288 3163 gratia
1307 3132 1317 3153 ‚
1341 3121 1404 3149 aut
1427 3113 1557 3165 ingens
1579 3111 1749 3151 militaris

153 3154 322 3200 scientiae
333 3164 469 3204 oninio
483 3171 656 3204 tueatur.
688 3161 996 3205 Cauendumhic
1008 3174 1131 3206 tamen
1145 3193 1158 3211 ,
1180 3179 1229 3207 ne
1242 3165 1276 3208 se
1298 3178 1441 3208 temere
1467 3173 1504 3208 in
1522 3166 1697 3209 discrime

153 3214 250 3256 Dux
263 3220 454 3269 coniiciat
467 3249 477 3260 .
896 3268 901 3272 ⁵
1488 3256 1491 3258 >
1686 3238 1691 3241 ·

1575 3283 1696 3323 Com-
