2206 3480
412 85 479 129 82
562 71 655 127 DE
694 66 987 121 ROMANI
1028 62 1284 116 IMPERII
1324 61 1885 120 DECLINATIONE.

180 170 377 219 viniano-1313
396 166 518 211 stulo:
546 168 691 209 etenim
704 165 772 220 qui
788 162 948 218 nepotis
959 157 1222 215 praecedentis
1241 160 1496 213 Imperatoris
1507 172 1640 216 partes
1652 162 1784 208 sectati
1808 165 1916 213 sunt,
1947 169 2008 211 0-
2042 176 2085 226 Α·

146 215 373 286 ffn'ffmom‘
396 225 585 268 doacrem
599 221 806 265 Erulorum
827 221 974 273 Regem
987 215 1037 256 ab
1049 214 1187 257 vltimis
1205 215 1311 255 orbis
1323 216 1489 271 glacialis
1509 219 1684 273 partibus
1705 226 1743 264 in
1767 225 1914 267 Italiam
1939 226 2007 267 ad-

180 263 235 285 Μ’
396 291 608 326 uocarunt:
618 279 712 321 inde
723 274 955 332 Augustulus
967 275 1004 314 in
1020 272 1274 314 Lucullanum
1286 273 1488 316 Castellum
1504 279 1735 332 Campania:
1746 283 1875 337 prope
1893 285 1999 324 Nea-

395 340 520 399 polim
534 339 584 381 ab
596 335 736 378 eodem
752 333 945 375 Odoacre
958 330 1151 385 relegatus
1163 329 1218 372 est
1232 358 1241 368 .
1274 332 1418 386 Sicque
1436 336 1644 390 Imperium
1655 339 1904 381 occidentale
1917 342 2004 381 col-

406 396 553 453 lapsum
566 394 620 435 est
630 389 845 448 penitus,&
859 391 908 432 ad
922 388 1118 430 Barbaros
1129 388 1569 433 deuolutumOdoacer
1580 391 1757 437 summam
1772 410 1892 437 rerum
1908 410 2006 437 con-

395 453 548 497 secutus
563 447 756 496 »modeste
771 457 878 489 tanta
898 444 979 488 vsus
999 445 1238 492 felicitates}
1261 460 1456 502 purpura,
1477 450 1668 505 regalibus
1685 453 1941 499 indumentis,
1961 455 2003 494 &

395 514 552 554 nomine
564 509 817 563 Imperatoris
831 504 1025 547 abstinuit.
1044 504 1140 545 lllud
1157 502 1241 545 sane
1251 508 1435 546 memoria
1447 505 1500 547 est
1511 510 1678 563 dignum,
1697 512 1808 565 quod
1820 512 1995 566 quamuis

392 570 560 612 Arianus
572 564 665 607 nihil
679 564 906 607 detrimenti
928 559 1069 604 fecerit
1097 561 1215 603 rebus
1229 559 1345 603 sacris
1361 591 1371 608 .
1397 563 1440 603 &
1467 566 1695 618 petentibus
1706 566 1909 623 Episcopis
1924 569 2004 609 Or-

392 623 584 666 thodoxis
606 621 724 664 multa
746 617 967 663 indulserit:
998 618 1064 662 sed
1087 618 1202 675 digna
1226 618 1332 660 lustu
1358 619 1433 661 esse
1458 621 1711 677 intelligemus
1726 654 1737 670 ,
1757 624 1784 666 fi
1809 626 2006 680 religionis

391 681 506 723 huius
519 683 710 736 temporis
726 679 868 720 damna
880 676 1193 734 perpendamus,
1221 690 1309 719 cum
1330 677 1522 719 vniuersus
1547 680 1785 722 Christianus
1806 682 1914 722 orbis
1941 681 2010 722 sub

391 739 671 782 haereticorum
686 738 909 790 Principum
928 734 1103 776 dominio
1117 732 1350 776 constitutus
1365 765 1375 780 ,
1394 736 1537 777 nullum
1560 738 1812 779 Catholicum
1830 740 2009 794 Regem..
2071 767 2079 779 .-

393 797 513 840 alicui
525 796 674 852 exigua:
683 795 902 850 prouinciae
912 791 1178 834 dominantem
1190 792 1341 835 habuit.
1353 792 1511 837 Italiam,
1522 804 1562 834 vt
1575 794 1668 839 dixi,
1689 796 1883 838 Odoacer
1893 796 2011 838 Aria-

394 869 419 896 n
430 868 472 896 us
485 854 733 909 occupauit:
759 849 911 892 Gallias
931 850 1242 905 Burgundiones,
1258 852 1302 891 &
1319 850 1453 892 Gothi
1469 851 1604 893 itidem
1617 855 1776 894 Ariani:
1789 854 1930 895 Franci
1945 852 2013 894 ad-

394 911 472 954 huc
489 911 691 953 Gentiles:
713 905 921 964 Hispanias
941 907 1068 949 Gothi
1091 909 1254 947 Ariani:
1272 907 1444 950 Africam
1473 910 1687 953 Vvandali:
1708 911 1752 951 &
1770 909 2012 952 vniuersum„

393 968 603 1012 Orientale
620 970 825 1023 lmperium
840 967 955 1007 Zeno
968 963 1228 1021 Eutychianus
1242 965 1449 1006 haereticus
1461 995 1470 1004 .
1503 966 1611 1007 Idem
1628 968 1823 1010 Odoacer
1833 981 1921 1010 cum
1933 967 2014 1009 fru-

392 1026 469 1070 stra
493 1023 676 1068 tentasset
702 1024 772 1066 fibi
797 1021 977 1079 vsurpare
999 1023 1231 1064 elestionem
1262 1024 1432 1063 Romani
1451 1023 1655 1065 Pontificis
1677 1039 1688 1065 .·
1709 1025 1841 1066 multis
1862 1025 2009 1081 praelijs
2035 1011 2072 1060 Β

393 1084 486 1126 dein
502 1086 672 1124 vincitur
690 1082 710 1122 a
729 1079 992 1121 Theoderico
1007 1080 1238 1120 Gothorum
1257 1082 1383 1135 Rege,
1399 1078 1564 1121 sedinita
1576 1094 1663 1122 cum
1677 1095 1726 1122 eo
1741 1084 2005 1124 concordiam·

393 1140 513 1199 paulo
526 1139 615 1196 post
629 1138 679 1180 ab
690 1141 829 1179 eodem
843 1138 1063 1192 proditorie
1076 1139 1277 1179 occiditur
1289 1142 1390 1178 inter
1402 1137 1555 1191 epulas.

452 1196 738 1239 Theodericus
750 1197 910 1235 Amaxus
925 1195 1154 1236 Gothorum
1170 1198 1259 1238 Rex
1271 1209 1446 1250 pugnans
1468 1209 1545 1250 pro
1562 1196 1728 1238 Zenone
1751 1199 1851 1252 Imp.
1874 1196 2015 1239 debel-

392 1256 450 1297 lat
466 1252 687 1311 perduelles
703 1252 863 1308 Imperij
880 1253 1076 1308 :indeque
1091 1252 1222 1294 multis
1232 1252 1282 1294 ab
1293 1267 1341 1292 eo
1355 1263 1513 1307 augetur
1525 1252 1743 1294 honoribus
1757 1283 1768 1299 ,
1790 1256 1832 1295 ὃ(
1846 1257 1881 1295 in
1897 1253 2014 1296 filium

391 1309 632 1368 adoptatur}
666 1313 843 1365 Ingratus
860 1309 928 1350 iste
944 1309 1086 1351 deinde
1100 1309 1384 1351 beneficiorum
1396 1338 1407 1355 ,
1437 1310 1644 1351 Orientale
1656 1321 1781 1352 tentat
1796 1315 2017 1368 Imperium,

389 1368 456 1412 sed
470 1369 534 1425 spe
546 1366 749 1410 frustratus
762 1367 1014 1407 conuertitur
1027 1370 1065 1408 in
1080 1367 1240 1413 ltaliam,
1255 1381 1330 1421 qua
1347 1366 1520 1407 vniuersa
1533 1371 1704 1421 potitur,
1720 1367 1856 1410 occiso
1878 1367 2021 1409 Odoa-

394 1441 486 1472 cre,
503 1438 548 1468 vt
563 1426 644 1467 dixi
656 1439 760 1466 anno
775 1437 876 1478 493.
899 1424 1078 1478 Regnum
1092 1427 1244 1479 optime
1259 1425 1524 1465 administrat:
1548 1428 1668 1466 vtitur
1683 1426 1869 1467 Romanis
1886 1425 2019 1481 Magi-

392 1483 592 1527 stratibus‚
605 1483 647 1523 ὅ(
665 1483 702 1522 in
721 1482 854 1537 primis
869 1479 1109 1522 Caffiodoro
1121 1484 1442 1537 Senatore.quem
1461 1482 1510 1522 ad
1525 1481 1807 1524 moderandum
1825 1484 2020 1538 Regnum,

394 1544 440 1584 ὃ(
453 1542 503 1584 ad
515 1539 826 1582 conscribendas
841 1539 997 1579 maioris
1008 1540 1194 1584 momenti
1211 1538 1391 1594 epistolas
1413 1542 1595 1583 retinuit.
1618 1550 1658 1580 vt
1677 1542 1714 1580 in
1731 1539 1898 1581 eiusdem
1918 1536 2019 1581 *Cas-

393 1600 545 1643 fiodori
555 1598 664 1639 libris
681 1597 899 1637 Variarum:
917 1599 1092 1652 quamuis
1105 1596 1210 1637 idem
1223 1594 1776 1641 ArianusrCatholicosomni
1789 1596 2022 1639 officiorum

393 1668 536 1716 genere
549 1654 810 1711 prosequens;
833 1652 935 1693 adeo
947 1653 1163 1708 vtindigno
1180 1657 1310 1694 animo
1330 1651 1367 1694 se
1393 1652 1686 1698 monstrauerit,
1708 1652 1735 1694 fi
1760 1654 1846 1710 quis
1869 1655 1909 1695 in
1935 1657 2022 1695 eius

393 1718 559 1771 gratiam
573 1714 595 1753 a
610 1712 825 1752 Catholica
839 1709 918 1750 fide
944 1711 983 1750 in
1010 1708 1264 1752 Arianismum
1280 1708 1483 1755 tranfiret;
1502 1711 1545 1751 δε
1564 1722 1604 1751 vt
1624 1712 1746 1752 tradit
1764 1711 2020 1766 Nicephorus

394 1773 634 1825 lib.16.cap.
658 1782 722 1823 35.
738 1766 911 1808 ministro
939 1765 1008 1807 sibi
1030 1766 1177 1809 dilecto
1201 1767 1342 1808 eodem
1370 1778 1564 1821 praetextu
1588 1779 1709 1823 caput
1733 1771 2021 1826 amputauerit.

394 1826 640 1885 Apostolicae
652 1826 750 1867 sedis
766 1825 1038 1866 protectorem
1052 1823 1087 1865 se
1098 1823 1315 1868 exhibet&
1331 1825 1473 1869 cundia
1497 1825 1770 1867 Ecclefiastice
1796 1825 1881 1868 vult
1904 1840 2019 1881 pera-

423 1890 431 1927 i
446 1900 455 1926 ε
487 1883 552 1925 sed
568 1881 888 1938 postquamidem
905 1881 1194 1924 Theodoricus
1208 1881 1600 1937 coegiffetwloannem
1617 1883 1758 1938 Papam
1779 1884 2019 1938 legationem

395 1901 595 1997 suscipere
607 1940 657 1980 ad
671 1939 854 1981 lustinum
866 1943 966 1994 Imp.
981 1939 1099 1980 rebus
1113 1941 1271 1982 loannis
1282 1943 1319 1980 in
1337 1941 1379 1979 G
1387 1940 1499 1981 raecia
1509 1938 1621 1994 gestis
1632 1940 1902 1985 exacerbatus,
1914 1954 2021 1980 nem-

397 2002 450 2059 pe
460 2011 500 2041 vt
514 1996 681 2039 testatur
697 1997 870 2051 Gregor.
882 1995 1093 2037 Turonen.
1104 1998 1155 2036 de
1170 1994 1342 2037 Glorios·
1353 1997 1515 2051 Martyr-
1529 2008 1617 2051 cap.
1631 2011 1699 2045 40.
1711 1998 1839 2049 Quod
1852 1998 2020 2039 Ariano-

398 2071 483 2102 rum
496 2053 686 2097 Ecclesias
698 2056 735 2093 in
753 2052 988 2095 Catholicas
1004 2050 1278 2097 consecrasset,
1295 2054 1398 2093 idem
1414 2053 1699 2094 Theodoricus
1715 2054 1951 2096 crudelitate
1963 2059 2020 2096 in-

398 2118 551 2173 genium
565 2110 667 2152 suum
681 2110 853 2165 alioquin
864 2112 1036 2155 mite,ac
1052 2109 1250 2164 placidum
1261 2113 1539 2152 commutauit:
1564 2124 1609 2151 ac
1635 2112 1820 2153 loannem
1845 2124 1933 2152 cum
1961 2111 2019 2153 so-

400 2175 471 2224 cijs
486 2172 712 2211 Rauennam
736 2171 867 2210 venire
887 2170 1116 2219 imperauit,
1139 2164 1357 2220 grauissima
1381 2166 1606 2215 Catholicis
1628 2173 1886 2210 comminatus
1903 2197 1913 2213 ,
1948 2171 2022 2210 im

404 2241 604 2273 carcerem
616 2225 717 2266 illum
733 2222 932 2267 condidit,
947 2224 1514 2276 atquejgbjpmniaerumnarum
1526 2239 1669 2276 genere
1684 2224 1936 2267 conflictatus
1950 2238 2020 2266 ex.

401 2286 549 2344 pirauit
562 2314 571 2324 .
604 2286 750 2324 Ioanne
767 2280 947 2322 extinsto
961 2292 1042 2320 non
1054 2289 1269 2323 contentus
1284 2277 1585 2325 Theodericus3
1608 2279 1700 2320 inde
1714 2280 2018 2335 Symmachum..

403 2347 446 2386 &
460 2340 671 2384 Boethium
682 2342 719 2378 in
731 2351 893 2383 carcere
907 2336 1115 2379 afferuatos
1129 2334 1268 2377 inuasit
1280 2365 1291 2382 ‚
1304 2348 1421 2388 atque
1433 2349 1569 2377 corum
1584 2339 1736 2392 vtrique
1764 2350 1886 2393 caput
1906 2338 2018 2380 dese·

401 2404 485 2446 cari
499 2394 756 2442 crudelissime}
771 2393 895 2437 iuffit:
914 2397 1023 2435 cuius
1039 2395 1274 2436 temeritatis
1298 2393 1387 2447 post
1399 2391 1506 2433 breui
1522 2421 1536 2437 ,,
1552 2390 1616 2434 sed
1639 2392 1775 2435 frustra
1800 2399 2015 2450 poenituit;

407 2473 493 2502 nam
511 2458 649 2511 paucis
675 2453 764 2510 post
783 2452 921 2500 diebus
936 2464 1099 2493 coenans
1112 2480 1122 2496 ‚
1146 2463 1232 2490 cum
1248 2453 1415 2504 ingentis
1427 2448 1541 2504 piscis
1559 2463 1685 2506 caput
1703 2453 1723 2493 a
1744 2452 1921 2494 ministris
1947 2467 2016 2508 ap-

406 2514 572 2573 positum
587 2509 810 2567 aspexisset,
831 2521 956 2564 caput
969 2507 1188 2564 Symmachi
1201 2507 1271 2549 fibi
1287 2507 1419 2548 videre
1435 2505 1528 2548 visus
1542 2507 1596 2549 est
1609 2538 1618 2551 ‚
1643 2510 1901 2550 eminentibus
1918 2509 2016 2550 den-

406 2574 511 2615 tibus
524 2597 534 2615 ,
551 2574 594 2613 &
606 2582 763 2612 toruum
776 2567 899 2609 oculis
913 2566 1152 2607 intuentibus
1167 2563 1375 2606 furibunde
1389 2563 1460 2606 fibi
1474 2576 1552 2619 atq;
1565 2562 1695 2620 aspere
1709 2569 1891 2612 minitari5
1908 2570 2018 2607 cuius

408 2627 618 2687 spectaculi
640 2626 821 2667 foeditate
834 2623 1035 2681 perculsus
1047 2624 1170 2680 paulo
1185 2621 1273 2677 post
1288 2626 1448 2663 animam
1459 2619 1608 2663 efflauit
1622 2621 1798 2678 :eiusque
1812 2626 2017 2670 animam-n

409 2699 450 2729 vt
482 2684 600 2727 refert
619 2685 779 2725 Sanetus
798 2683 1014 2736 Gregorius
1026 2711 1037 2727 ,
1058 2681 1216 2736 quidam
1236 2681 1359 2721 Eremi
1392 2681 1525 2720 cultor
1556 2679 1663 2733 apud
1688 2681 1850 2734 Liparas
1885 2682 2020 2722 retulit
2055 2674 2108 2726 D

409 2742 521 2786 visam
543 2744 565 2783 a
587 2740 621 2782 se
632 2744 670 2782 in
682 2738 873 2781 infernum
883 2738 1112 2783 demersam,
1138 2747 1179 2778 vt
1192 2735 1407 2778 referturin
1427 2736 1646 2780 Annalibus
1659 2738 1936 2785 Ecclesiasticis
1950 2752 2016 2783 an·

416 2816 470 2844 no
526 2804 593 2841 26.

468 2814 590 2902 A5nno
608 2855 767 2895 Domini
785 2867 805 2904 5
815 2867 879 2905 34.
892 2853 1088 2901 Quoniam
1104 2849 1346 2893 Theodotus
1363 2849 1586 2897 Gothorum
1610 2853 1700 2896 Rex
1721 2853 1890 2894 omnium
1914 2854 2020 2907 igna-

414 2913 580 2957 uiffimus
592 2915 612 2954 a
624 2910 692 2952 suis
713 2912 979 2965 interemptus,
995 2907 1281 2964 illiq;su'ffe61us
1300 2909 1449 2963 Vitiges
1467 2908 1588 2950 Dux&
1604 2909 1795 2955 Dalmatia
1805 2919 2011 2954 euocatus,

414 2977 602 3016 strenuus,
616 2965 842 3022 bellicisque
856 2965 1058 3009 sudoribus
1074 2964 1266 3021 speftatus
1284 2997 1292 3006 .
1313 2966 1453 3008 Verum
1468 2964 1598 3021 &ipse
1616 2967 1770 3022 Vitiges
1783 2969 1950 3009 Romam
1962 2969 2023 3008 in-

415 3029 567 3086 gressus,
588 3040 719 3069 tamen
733 3023 917 3067 Belisario
930 3024 1030 3078 (qui
1042 3024 1063 3063 a
1075 3022 1284 3065 Iustiniano
1297 3025 1395 3078 Imp.
1409 3024 1576 3065 Romam
1587 3023 1736 3069 m-iffus;
1754 3026 1828 3064 iam
1847 3033 1937 3063 ante
1950 3026 2019 3064 im

416 3087 606 3129 Oriente,
630 3082 764 3126 Africa
779 3105 791 3126 2
818 3083 859 3122 ὅ(
882 3085 1042 3135 Europa
1063 3082 1191 3122 victor
1212 3079 1427 3133 extiterat)
1451 3080 1500 3123 ad
1527 3091 1677 3137 tempus
1694 3079 1839 3121 cedere
1862 3081 2022 3122 coaetus

417 3142 489 3184 est.
527 3141 731 3182 Belisarius
744 3153 837 3196 ergo
851 3135 977 3180 mense
990 3138 1209 3179 Decembri
1225 3151 1328 3177 anno
1344 3148 1437 3189 537.
1453 3139 1618 3179 Romam
1637 3136 1818 3192 ingressus
1835 3151 1909 3193 per
1925 3152 2025 3192 por·

417 3210 493 3241 tam
510 3199 724 3242 Asinariam
740 3211 827 3240 cum
853 3195 918 3240 suo
936 3198 1111 3238 exercitu
1124 3218 1136 3240 ›
1164 3196 1207 3236 &
1230 3208 1278 3236 ex
1293 3194 1456 3238 aduerso
1479 3195 1602 3239 Gothi
1626 3192 1758 3250 egreffi
1769 3198 2026 3242 Rauennam..

1846 3255 1964 3298 itum
