2206 3480
203 72 295 126 DE
335 65 1000 144 AQAEDVCTIBVS
1038 67 1137 118 ET
1176 66 1553 118 CLOACIS.
1644 88 1701 128 53

48 172 89 223 A
110 181 210 222 aqua
223 169 357 210 ceteris
370 168 560 208 corriuatis
570 175 682 220 atque
696 164 912 209 emendatis,
931 164 1028 205 lacus
1044 162 1288 219 ftptingentos
1299 164 1397 217 fecit
1411 195 1421 210 ‚
1445 175 1623 219 praeterea
1640 168 1707 222 fiz-

111 226 235 266 dientes
249 234 390 266 centum
412 224 595 279 quinque,
623 223 698 265 &a
728 221 822 261 Haee
847 235 940 261 vnus
970 225 1147 277 Agrippa
1161 246 1173 266 ‚
1201 223 1244 264 &
1269 237 1346 264 vno
1358 238 1482 264 anno.
1512 223 1552 264 O
1584 225 1705 268 virum

114 281 287 337 Augusto
308 282 490 336 Principe
504 280 679 335 dignum,
703 291 774 317 nec
790 277 959 331 publicae
972 279 1126 319 vtilitati
1145 279 1343 335 benignius
1356 281 1550 336 ingenium
1567 281 1576 320 Ξ

171 342 226 382 At
238 338 552 393 Magnitudinem
568 348 730 389 operum
761 332 993 389 sequebatur
1011 333 1224 377 difficultas
1250 333 1528 379 conseruandi:
1556 353 1640 379 nam
1664 351 1705 381 vt

118 398 169 436 ait
182 398 390 437 Frontinus
406 393 476 434 lib.
483 407 518 446 3·
535 400 609 433 Aut
621 389 807 430 vetustate
830 401 1134 441 corrumpuntur,
1159 403 1226 433 aut
1241 396 1453 446 impotentia
1474 392 1707 451 poffeffarum,

111 461 179 492 aut
188 454 234 492 vi
244 449 493 503 tempestatum
506 472 517 493 2
533 457 598 489 aut
609 447 712 499 culpa
728 444 913 499 malesat'i'i
927 450 1063 500 operis.
1077 448 1178 502 quod
1187 448 1327 514 sepius
1346 451 1477 490 accidit
1499 456 1536 490 in
1555 456 1707 493 recenti-

114 509 205 548 bus:
233 509 351 548 minus
361 504 703 559 iniuriaefhbiacent
713 502 977 558 subterranea,
1003 517 1068 544 nec
1087 504 1265 560 gelicidijs
1278 529 1287 546 ‚
1309 520 1373 546 nec
1393 508 1569 549 caloribus
1588 521 1704 564 expo,

103 563 182 618 fita
198 577 207 604 :
235 562 317 604 Pilae
327 576 472 618 quoque
489 560 571 616 ipsit
583 560 692 613 topho
705 559 960 615 extruHaefhb
976 570 1049 601 tam
1068 572 1193 612 magno
1205 575 1312 601 onere
1324 562 1499 602 ¹'alnmrur
1513 595 1521 604 .

168 623 275 661 Inter
291 633 405 674 aquas
416 624 454 660 in
469 619 617 662 Vrbem
639 620 852 658 corriuatas
877 617 947 658 fuit
963 632 1063 673 aqua
1075 618 1199 672 Virgo
1213 647 1222 662 ‚
1246 631 1359 672 quam
1379 620 1559 674 Agrippa
1583 621 1704 661 dedu-

107 676 188 717 xit.
219 677 416 732 Virginem
436 685 693 730 nuncupatam
711 673 808 715 dixit
826 675 1053 720 frontinus,
1081 688 1168 716 cum
1185 675 1349 729 apuella
1366 679 1529 729 primum
1546 679 1705 720 inuenta

110 732 340 774 &indicata
359 732 499 774 suisset.
532 732 720 785 Quamuis
732 730 1023 785 Pliniuslib.31.
1037 745 1165 788 cap-3.
1181 730 1347 775 scribat.-
1373 733 1478 772 [dem
1503 737 1703 788 Agrippa„

111 789 155 829 ὅ(
172 791 372 844 Virginem
389 789 552 832 adduxit
563 790 611 829 ab
623 789 752 830 odiaui
773 788 916 844 lapidis
931 790 1170 830 diuerticulo
1183 790 1360 830 vndecim
1372 788 1485 830 millia
1502 790 1702 845 paffuum„

108 847 334 887 Praenestina
349 848 405 888 via
417 877 427 892 ,
463 847 629 902 Virginis
645 861 784 887 nomen
799 846 974 888 obtinuit
989 880 997 889 .
1022 845 1195 888 Caffiod.
1210 844 1275 886 lib.
1288 860 1323 892 7.
1337 860 1398 899 ep.
1411 851 1446 886 6.
1461 850 1589 886 Currit
1603 862 1702 901 aqua

107 903 209 956 Virgo
223 904 300 956 βψ
315 903 550 945 delectatione
562 900 750 958 puriffima
766 917 778 942 :
805 917 884 958 quae
907 904 985 944 ideo
993 903 1049 958 sic
1065 902 1246 957 appeffata
1261 902 1419 942 creditur
1433 926 1444 946 ²
1467 903 1569 956 quod
1596 905 1703 944 nullis

42 1010 44 1012 v
95 959 462 1014 sbrdibuspob'cratur
476 994 484 1002 .
503 963 581 1002 Dio
595 961 738 1011 lib.54.
754 961 900 1016 inquit:
933 963 1086 1015 Aquam
1098 990 1108 1005 ‚
1127 973 1212 1014 quae
1228 960 1352 1014 Virgo
1368 959 1595 1006 vocabatur,
1609 975 1704 1017 pro-

44 995 82 1045 Β
106 1019 201 1070 prijs
214 1017 426 1071 sumptibus
441 1020 615 1074 Agrippa
633 1018 814 1062 adduxit,
841 1019 1128 1073 Augustarnque
1146 1017 1387 1057 nominauit:
1414 1016 1522 1072 quod
1547 1020 1599 1058 ita
1615 1033 1701 1073 gra-

101 1083 182 1114 turn
194 1074 268 1116 fuit
282 1075 468 1130 Augusto,
491 1086 532 1118 vt
555 1076 688 1129 inopia
706 1075 916 1129 aliquando
933 1077 1009 1116 vini
1025 1074 1210 1115 existente
1225 1088 1311 1114 cum
1327 1084 1557 1127 quereretur
1568 1077 1701 1129 Popu-

101 1129 180 1176 lus,
204 1131 288 1172 satis
303 1131 494 1181 prouisum
511 1131 659 1172 diceret
673 1132 722 1173 ab
738 1133 915 1189 Agrippa
932 1163 941 1178 ‚
965 1148 1010 1173 ne
1025 1134 1108 1187 quis
1133 1145 1265 1171 eorum
1296 1130 1352 1172 siti
1375 1131 1523 1186 periret
1537 1164 1545 1172 .
1582 1132 1698 1173 Hanc

100 1203 236 1244 aquam
258 1189 406 1243 aliquot
434 1187 576 1229 saeculis
600 1187 850 1245 deperditam
874 1190 917 1229 &
942 1187 1120 1244 dilapsam
1150 1187 1334 1228 Nicolaus
1345 1189 1520 1239 Quintus
1537 1217 1548 1233 ‚
1573 1189 1701 1229 sixtus

98 1245 276 1297 Qartus
291 1275 300 1290 ,
318 1247 358 1285 &
375 1247 461 1286 Pius
476 1246 652 1298 Quartus
670 1245 863 1301 acquisitis
874 1247 985 1288 etiam
999 1250 1107 1286 nouis
1124 1243 1291 1286 fontibus
1307 1244 1559 1286 restituerunt.
1580 1247 1701 1285 Tarta

90 1300 293 1358 prestitiſse
316 1303 398 1343 olim
415 1305 590 1356 Virginem
603 1332 613 1347 ‚
636 1302 773 1344 haustu
789 1305 980 1344 Martiam
996 1333 1006 1348 ,
1018 1303 1135 1344 tradit
1152 1303 1294 1344 Plinius
1307 1301 1371 1341 lib.
1376 1317 1398 1355 3
1409 1316 1442 1342 1.
1457 1315 1542 1353 cap.
1550 1316 1586 1355 3.

153 1363 267 1407 Aqua
287 1360 431 1401 Martia
454 1358 614 1400 austore
632 1361 760 1401 Plinio
773 1360 838 1401 lib.
847 1374 910 1412 31.
936 1374 1024 1415 cap.
1031 1373 1064 1413 3.
1081 1362 1182 1401 Inter
1208 1359 1350 1412 reliqua
1376 1362 1534 1398 Deorum
1557 1371 1703 1398 munere

95 1415 183 1455 Vrbi
198 1417 340 1456 tributa
352 1445 361 1461 ‚
379 1414 568 1472 clariffima
582 1429 766 1470 aquarum
782 1420 940 1458 omm‘um
953 1421 992 1456 in
1010 1426 1085 1456 toto
1098 1419 1214 1460 Orbe,
1229 1414 1391 1466 frigoris
1392 1414 1703 1469 fhlubritatiffiue

89 1473 242 1525 palma:
267 1476 448 1525 preconio
464 1472 564 1512 Vrbis
580 1489 590 1513 .·
599 1471 770 1526 stagnino
786 1474 900 1514 colore
905 1473 1100 1526 praeuiridi
1113 1501 1124 1517 ‚
1142 1471 1328 1526 splendore
1340 1500 1351 1514 2
1381 1471 1427 1514 ό
1439 1474 1557 1523 rigore
1568 1471 1701 1527 gratis:

80 1527 179 1581 sttna
195 1561 206 1571 .
236 1531 298 1569 De
315 1529 395 1569 hoc
411 1528 610 1584 postremo
629 1531 771 1571 Statius
788 1561 797 1570 .

272 1623 278 1626 .
322 1585 554 1642 Marsasque
574 1588 696 1632 niues,
722 1586 770 1630 ό
784 1583 939 1641 frigora
953 1585 1084 1628 ducens

322 1646 479 1684 Martia
490 1676 500 1686 ,

92 1700 189 1742 Haec
206 1702 254 1743 ad
270 1700 480 1742 milliarium
494 1702 627 1751 xxxiii.
645 1712 846 1757 concepta
864 1702 898 1741 in
917 1702 1080 1757 pelignis
1096 1731 1105 1745 ‚
1125 1699 1242 1742 ductu
1254 1698 1422 1754 paffuum
1442 1699 1492 1741 lx.
1507 1699 1697 1742 millium-2

91 1758 288 1799 corriuata
299 1757 352 1800 est
367 1771 378 1799 .·
405 1758 532 1812 inquit
548 1759 690 1799 Plinius
705 1774 714 1799 .·
729 1758 879 1812 'Transit
898 1759 1054 1816 Marsbs
1069 1758 1115 1802 (⁷9-
1128 1759 1303 1797 Fucinum
1321 1757 1437 1796 lacum
1452 1759 1605 1796 Romam
1619 1770 1692 1797 non

28 1829 72 1880 C
89 1814 197 1855 dubi?
203 1825 330 1868 petens
342 1829 355 1855 .·
385 1829 476 1856 mox
479 1812 592 1869 specu
604 1816 720 1872 merse}
733 1821 772 1857 in
788 1815 988 1857 Tiburtina
1007 1815 1050 1871 se
1066 1818 1187 1869 aperit
1199 1818 1254 1855 ix.
1272 1827 1315 1854 m.
1333 1825 1369 1866 p.
1384 1811 1594 1864 fornicibus
1591 1812 1700 1866 stru-z

90 1872 346 1924 Hispera'ucia
360 1905 370 1914 .

146 1929 311 1971 Claudia
329 1944 426 1984 aqua
439 1929 614 1975 bonitate
628 1932 783 1974 Martiae
797 1935 986 1987 proxima,
1004 1931 1047 1970 δε
1064 1930 1120 1971 illa
1134 1929 1246 1969 altior
1259 1929 1333 1968 aC.
1346 1925 1516 1979 Caligula
1531 1928 1567 1964 in
1575 1926 1697 1968 choa-

91 1989 138 2028 tis
150 1987 248 2027 binis
270 1987 462 2031 durstibus,
477 1991 498 2031 a
511 1990 680 2033 Claudio
699 1987 893 2045 perfestis,
908 2002 979 2038 per
993 1986 1101 2026 millia
1114 1985 1283 2039 passuum
1298 1981 1383 2021 xlvi.
1397 1982 1552 2022 auclore
1570 1985 1691 2024 Fron-

88 2046 176 2084 tino
191 2042 443 2085 subterraneo
456 2048 499 2087 &
514 2058 676 2088 arcuato
690 2060 814 2100 opere
834 2044 1019 2097 perduffla
1033 2042 1085 2082 est
1100 2071 1109 2085 ,
1132 2042 1172 2080 δε
1189 2039 1331 2079 Plinius
1346 2041 1491 2092 inquit:
1521 2047 1551 2079 A
1571 2041 1692 2093 lapide

92 2101 357 2156 quadragess'mo
370 2101 422 2140 ad
431 2116 509 2142 eam
521 2104 775 2159 excelsitatem,
785 2110 833 2138 vt
846 2103 884 2139 in
899 2110 1017 2139 omnes
1030 2097 1129 2137 Vrbis
1144 2106 1278 2136 montes
1294 2095 1436 2134 leuaren
1443 2104 1512 2136 tur,
1529 2096 1690 2150 influxe-

91 2171 132 2197 re
145 2161 292 2197 Curtius
305 2180 317 2200 ‚
329 2167 442 2212 atque
455 2158 764 2208 Caeruleusfhntes
777 2189 786 2197 .
817 2160 974 2198 Sueton.
990 2158 1027 2194 in
1041 2154 1208 2194 Claudio
1219 2166 1304 2207 cap.
1319 2165 1384 2192 20.
1411 2152 1571 2196 Claudia
1584 2168 1688 2208 aquae

87 2214 279 2266 gelidos&
294 2214 555 2265 vberesfimtes
568 2228 689 2254 eorum
706 2213 814 2253 alteri
824 2211 982 2254 Caeruleo
994 2235 1005 2255 ‚
1032 2212 1141 2251 alteri
1167 2213 1296 2250 Curtio
1308 2231 1319 2251 2
1347 2209 1393 2251 &¹
1417 2208 1601 2250 Albundio
1621 2225 1688 2250 no·

91 2282 173 2310 men
184 2268 237 2309 essi
252 2284 260 2309 :
277 2268 459 2324 fimulque
468 2276 590 2311 riuum
603 2272 750 2311 Anienis
758 2284 851 2310 nouo
862 2268 1003 2321 lapideo
1018 2280 1123 2321 opere
1131 2270 1169 2308 in
1184 2266 1309 2306 Vrbem
1313 2264 1498 2318 perduxit
1511 2290 1523 2309 ‚
1547 2268 1689 2322 diugstt-

93 2340 163 2381 que
173 2328 212 2366 in
224 2326 402 2379 plurimos
413 2327 458 2371 ὠ
469 2325 705 2384 ornatiffimos
718 2327 814 2368 lacus
827 2359 835 2367 .

140 2383 365 2425 Alfiatinam
384 2386 565 2438 prouidit
580 2387 613 2427 A
623 2384 782 2439 uguflus‚
801 2385 892 2425 ideo
905 2384 948 2423 &
961 2382 1128 2437 Augusta
1141 2383 1244 2424 dieta
1256 2379 1322 2422 est:
1340 2381 1434 2422 Haec
1445 2380 1609 2422 omnibus
1620 2381 1691 2421 lm-

92 2440 211 2480 milior
224 2449 326 2485 eran
355 2450 393 2479 vt
408 2446 460 2482 ait
474 2444 679 2483 Frontinus
691 2470 701 2486 ,
723 2456 855 2496 parum
871 2439 1051 2486 saiubris;
1079 2438 1322 2484 Naumachiae
1337 2467 1348 2483 ‚
1372 2451 1484 2492 quam
1497 2439 1686 2493 Augustus

93 2508 198 2538 trans
211 2497 391 2552 Tyberim
406 2496 502 2540 fecit
512 2529 521 2543 ,
534 2498 659 2539 hortis
669 2497 953 2540 subiacentibus
965 2526 975 2542 ‚
1008 2499 1049 2538 ὅ(
1062 2496 1190 2539 vfibus
1204 2497 1443 2552 priuatorum
1455 2492 1662 2541 inseruiens
1676 2527 1686 2537 .

145 2557 278 2609 Appia
291 2568 376 2609 quae
394 2557 521 2610 primo
537 2556 588 2597 ab
603 2556 743 2612 Appio
758 2556 928 2597 Claudio
942 2584 952 2599 ‚
974 2559 1036 2596 cui
1058 2554 1190 2609 postea
1212 2557 1332 2595 Caeco
1351 2565 1566 2605 cognomen
1590 2551 1684 2598 fuir,

91 2608 261 2653 deducta
275 2641 284 2656 ,
307 2613 360 2653 M.
384 2613 536 2653 Valerio
556 2613 747 2656 Maximo,
773 2615 816 2654 &
830 2615 871 2654 P.
892 2614 1018 2652 Decio
1035 2612 1199 2651 Murena
1216 2608 1320 2652 Coff.
1337 2622 1438 2648 anno
1452 2607 1567 2648 Vrbis
1585 2623 1684 2657 442.

11 2656 64 2708 D
91 2665 364 2710 Caffiodorus:
393 2673 469 2710 His
485 2669 695 2725 Confialibus
710 2681 779 2722 per
797 2671 954 2724 Appium
979 2668 1027 2711 ὠ·
1047 2668 1240 2710 Claudium
1272 2663 1460 2720 Censbrem
1488 2677 1555 2705 vta
1569 2666 1682 2718 fhHa

90 2723 138 2767 ό
150 2726 405 2779 aqua—indubia
419 2725 464 2778 est
474 2757 484 2771 ‚
505 2742 584 2782 quae
598 2729 701 2783 ipfius
711 2730 852 2767 nomine
865 2735 1095 2778 nuncupatur
1106 2756 1114 2764 .
1146 2720 1428 2765 Effundebatur
1439 2724 1569 2777 propi²
1586 2738 1682 2778 por-

86 2790 165 2823 tam
181 2783 379 2836 Capenam
404 2785 446 2825 &
460 2785 712 2841 Trigeminam
725 2814 736 2831 ‚
762 2784 810 2825 ad
826 2783 995 2828 Salinas,
1013 2780 1135 2823 fluens
1154 2779 1267 2839 vsque
1293 2780 1341 2822 ad
1362 2781 1554 2834 Campum
1569 2781 1678 2823 Mar·

87 2840 232 2879 tium.

142 2899 314 2936 Fuerunt
335 2897 374 2936 in
386 2899 496 2939 Vrbe
508 2900 550 2941 &
565 2899 647 2941 aliae
664 2899 833 2955 plurimae
848 2912 975 2952 aquae,
988 2897 1126 2952 nempe
1146 2897 1238 2937 Iulia
1260 2895 1309 2937 ab
1323 2894 1460 2936 eodem
1478 2894 1675 2948 Agrippa„

82 2950 253 2995 deducta
264 2976 274 2996 2
293 2963 333 2994 vt
346 2952 447 2996 idem
464 2969 623 3010 quoque
639 2971 775 3013 aquam
789 2955 973 3009 Tepulam
990 2953 1167 2997 deduxit.
1185 2958 1273 2995 Erat
1288 2953 1400 2992 etiam
1414 2954 1520 2993 Anio
1535 2952 1678 2989 Nouus

83 3007 135 3048 fic
151 3010 275 3051 didius
290 3011 340 3051 ad
356 3015 497 3053 veteris
512 3012 724 3058 discrimen,
736 3027 852 3068 quem
869 3012 928 3053 M.
942 3014 1093 3056 Curius,
1107 3012 1149 3052 &
1164 3012 1201 3052 L.
1215 3011 1400 3064 Papyrius
1412 3004 1554 3048 Cursor
1569 3005 1676 3047 Cen-

83 3062 186 3106 sores
209 3069 248 3108 in
277 3068 419 3110 Vrbem
443 3070 716 3111 deducendum
741 3081 925 3111 curarunt
947 3069 1047 3111 A-V.
1063 3069 1312 3110 cccclxxxix.
1327 3066 1414 3106 Fuit
1430 3065 1469 3104 &
1492 3061 1674 3103 Crabra..-

85 3135 183 3175 aqua
193 3146 203 3164 ι
226 3125 473 3181 Herculanus
486 3129 612 3172 Riuus
627 3138 772 3184 praeter
784 3126 995 3173 caetera,de
1007 3127 1147 3182 quibus
1165 3125 1317 3168 Plinius,
1331 3123 1537 3162 Frontinus
1550 3120 1593 3160 ὃς
1609 3119 1670 3170 alij

82 3174 291 3234 scriptores
304 3213 314 3223 .

1467 3235 1614 3287 Aqua:-
