2206 3480
414 110 521 172 '138
602 105 705 160 DE
744 98 1267 157 VIRTVTIBVS
1307 97 1900 157 ROM‘ANORVM.'

484 194 721 242 Admirabili
738 192 853 249 plane
866 193 941 233 Dei
956 190 1207 246 prouidentia
1222 187 1324 231 bella
1340 203 1388 230 ex
1407 190 1519 232 bellis
1534 203 1632 238 nata,
1648 198 1868 249 prouinciae
1878 209 1926 237 ex
1939 209 2036 252 pro·
2071 191 2110 245 A

423 253 763 308 uincijssubastae:
783 249 848 291 illa
860 247 987 290 causas
1001 247 1132 291 dedit,
1155 256 1221 287 aut
1239 245 1432 299 permifit;
1463 249 1507 291 ὃς
1528 247 1676 305 semper
1705 252 1855 308 duplici
1876 253 1956 295 hoc
1978 257 2029 295 ti-

425 313 508 355 tulo
535 310 584 352 vfi
605 311 772 353 Romani
787 321 797 351 ;
818 319 861 346 vt
873 316 941 347 aut
958 315 1030 357 pro
1047 303 1173 345 Salute
1188 317 1289 344 arma
1302 316 1491 360 caperent
1504 329 1515 349 »
1534 306 1599 347 vbi
1616 321 1676 349 res
1687 323 1821 352 eorum
1833 321 2009 365 ageretur
2021 319 2041 353 :''

425 380 491 414 aut
505 381 577 422 pro
588 367 675 407 Fide
689 365 738 405 de
755 366 882 412 Socijs
896 392 906 408 ,
927 376 1014 417 quae
1029 360 1128 402 bella
1145 361 1188 402 ὃ(
1202 372 1324 402 terras
1334 363 1560 409 coniunxit,
1584 378 1650 406 aut
1661 364 1829 423 subegit,
1857 368 1947 409 hinc
1960 370 2033 410 Ci-

423 441 541 471 cero:
571 428 615 465 N
617 422 711 464 offer
725 419 881 473 Populus
896 419 1009 475 socg'js
1036 417 1268 471 defendendis
1282 429 1465 460 terrarum
1479 424 1640 462 omnium
1658 427 1800 477 potitus
1822 424 1893 465 est.
1923 428 1972 467 Et
1985 434 2029 467 vt

424 496 552 543 pauca
566 483 616 521 de
626 480 683 520 his
694 477 894 520 afferamus
907 476 1108 533 exempla:
1139 475 1463 532 Carthaginenses
1477 480 1598 520 aemuli
1611 482 1878 523 Romanarum
1895 485 2030 524 virium

425 540 582 584 obstant
595 537 671 578 illis
683 534 951 577 crescentibus
966 563 978 580 ‚
998 534 1169 576 Siciliam
1183 534 1409 575 inuadendo
1420 564 1430 579 ,
1453 538 1497 577 &e
1510 536 1770 580 Mamertinos
1785 538 1935 585 5isti²ad
1949 539 2036 580 Ro·

423 609 579 640 manos,
594 593 768 636 vtsocios
780 592 1002 649 appellant:
1028 595 1187 633 veniunt
1203 592 1389 635 Romani,
1414 590 1666 641 subueniunt,
1688 597 1776 638 illos
1789 583 1937 652 pellunt
1955 625 1966 642 ,
1991 596 2035 637 &

427 654 587 711 quaefita
601 654 672 693 iam
685 650 776 707 ipsis
792 652 839 692 ad
856 648 890 691 se
907 650 1091 691 trahunt:
1105 649 1152 691 fit
1161 662 1240 705 pax
1255 650 1297 689 δι
1313 650 1488 690 Sardinia
1500 652 1728 696 etiaSiciliae
1740 654 2036 704 adijciturcon·

426 711 530 754 ceffu
548 708 734 767 ipsorum.
754 710 910 749 Deinde
923 712 962 748 in
980 708 1202 761 Hispaniam
1216 705 1541 762 Carthaginenses
1556 714 1654 750 maia
1667 711 1854 765 cupidine
1865 709 2035 752 trascen-

422 772 658 815 dunt‚arma
671 766 785 808 etiam
803 766 1020 819 Saguntinis
1032 761 1215 807 inferunt,
1230 775 1271 804 vt
1288 764 1450 804 amicum
1464 761 1686 821 sociumque
1702 769 1891 809 Romanis
1910 771 2031 824 oppi-

425 829 516 869 dum
529 835 709 867 euertant
721 837 734 862 .·
757 822 897 863 bellum
911 835 1005 876 ergo
1017 824 1155 862 iterum
1169 820 1322 866 iustum3
1339 821 1506 866 vietum,
1526 822 1620 863 &in
1647 821 1815 866 Africam
1828 823 2034 878 compulsi.

425 883 619 940 Hispania
644 881 744 923 aucti
762 880 955 920 Romani.
989 879 1183 920 Praeterea
1198 877 1412 933 ,Philippus
1439 877 1621 921 Macedo
1647 879 1779 924 foedus
1804 895 1892 923 cum
1911 882 2036 924 Anni-

424 942 516 984 bale
528 943 650 983 coiuit
660 968 671 985 ,
685 940 887 980 Romanos
903 966 914 982 ,
933 937 976 977 &
989 935 1160 978 Graecos
1172 935 1280 977 simul
1294 935 1506 978 lacessebat
1520 951 1530 978 :
1545 948 1665 993 atque
1680 938 1737 981 isti
1751 941 1956 981 Romanos
1966 937 2036 979 ad-

424 1008 640 1041 uocarunt:
663 1009 741 1052 pax
756 995 809 1036 illi
822 994 928 1038 data,
949 994 992 1035 &
1008 991 1161 1034 demum
1180 993 1336 1033 Graecis
1353 994 1395 1036 ὃ(
1413 994 1706 1036 Macedonibus
1719 1000 1891 1041 Romani
1907 1001 2036 1052 impo—
2059 1016 2099 1068 Β

423 1056 513 1100 siti.
545 1053 693 1096 Similia
709 1057 748 1094 in
764 1051 989 1097 Antiocho,
1013 1053 1168 1107 Iugurta
1183 1080 1193 1095 ‚
1222 1050 1266 1090 ὅ(
1293 1050 1526 1091 Mithridate
1542 1074 1554 1095 2
1579 1055 1647 1107 qui
1660 1054 1819 1096 vincere
1842 1067 1909 1097 aut
1927 1056 2041 1110 quie-

423 1114 532 1157 scere
546 1116 729 1168 quoniam
746 1123 825 1150 non
838 1119 1077 1164 potuerunt;
1091 1121 1232 1165 parere
1249 1108 1381 1149 coasti
1394 1106 1504 1149 sunt.
1841 1141 1844 1145 .

483 1170 560 1212 Sed
574 1171 747 1224 quamuis
764 1167 935 1207 Romani
952 1163 1138 1222 quosdam
1155 1165 1329 1222 Populos
1347 1167 1519 1221 Imperio
1530 1163 1598 1206 suo
1611 1169 1823 1222 punierint,
1836 1167 1969 1210 multis
1982 1179 2041 1210 ta·

424 1242 512 1269 men
528 1227 728 1268 &Pacem
742 1221 1006 1267 indulserunt,
1033 1222 1060 1265 ss
1084 1227 1140 1265 vti
1159 1238 1204 1264 ea
1218 1221 1453 1278 potuissent,
1483 1234 1552 1264 aut
1574 1224 1800 1267 voluiffent:
1819 1221 1913 1280 ipsis
1937 1225 2040 1267 Car-

423 1283 713 1341 thaginensibus
724 1284 783 1323 bis
795 1311 806 1327 ,
832 1280 1146 1336 Philippoetiam
1157 1304 1168 1325 2
1183 1282 1227 1323 &
1238 1280 1462 1326 Antiocho,
1477 1281 1518 1321 &
1532 1282 1695 1336 Tigrani
1709 1298 1720 1328 ς
1739 1292 1857 1337 atque
1869 1281 1943 1324 hos
1955 1296 2043 1324 om-

424 1356 493 1384 nes
504 1340 653 1396 pellere
667 1344 780 1382 terris
796 1352 883 1379 cum
894 1343 929 1379 in
947 1352 1081 1380 eorum
1096 1352 1209 1380 manu
1223 1337 1339 1384 effen
1367 1340 1554 1379 contenti
1580 1338 1735 1379 fuerunt
1758 1338 2014 1395 restringere.»
2028 1353 2041 1380 ε

425 1412 576 1458 pennas
591 1395 1026 1441 videlicetincidendm
1047 1409 1095 1436 ne
1110 1407 1262 1443 temere
1274 1393 1487 1438 autlasciue
1502 1394 1554 1438 fic
1574 1395 1781 1438 euolat-ent
1795 1427 1807 1440 .

864 1514 1611 1568 CLEMENTIA.

535 1630 731 1674 Lementia
743 1630 764 1671 a
776 1626 913 1685 priscis
925 1629 1110 1670 Romanis
1123 1631 1162 1669 in
1177 1626 1306 1670 hostes
1321 1627 1599 1670 commendata
1614 1641 1626 1667 τ
1652 1627 1862 1681 Augustum
1878 1630 2043 1682 accepi-

426 1635 517 1738 C
552 1702 635 1729 mus
649 1688 784 1729 Cinnae
799 1689 884 1728 vitae
896 1685 967 1728 suae
982 1686 1187 1731 insidianti,
1203 1688 1558 1741 necemq3paranti,
1575 1685 1807 1738 pepercisse,
1829 1684 2041 1728 Consulem

426 1742 568 1791 fecisse,
581 1745 701 1788 fidum
714 1746 756 1786 <Sc
768 1748 869 1785 inter
882 1748 1026 1785 amicos
1040 1741 1228 1785 habuisse:
1243 1742 1454 1798 Cinnamq;
1471 1741 1707 1784 beneficium
1723 1741 1920 1784 beneficio
1932 1756 2044 1783 com-

426 1801 618 1858 pensaffe;
638 1816 727 1842 cum
744 1806 912 1844 moriens
925 1802 1120 1842 haeredem
1132 1798 1326 1854 inscripsit
1337 1801 1549 1855 Augustum
1563 1831 1572 1839 .
1605 1801 1775 1839 Secutus
1798 1798 2045 1854 Augustum..-

427 1862 572 1907 Titus,
589 1861 763 1910 Patritijs
774 1857 1092 1901 adolescentibus
1108 1856 1384 1901 duobus2cum
1405 1856 1546 1898 ferrum
1563 1856 1757 1910 parassent
1770 1886 1779 1900 ‚
1800 1857 1842 1897 &
1862 1858 1918 1897 rei
1936 1868 2045 1897 tene-
2064 1850 2110 1901 C

427 1929 582 1961 rentur,
601 1920 751 1971 ignouit
767 1931 777 1958 :
807 1918 899 1958 audi
913 1916 1141 1957 Suetonium
1152 1927 1165 1953 .·
1196 1916 1282 1954 Duo
1306 1915 1457 1968 Patritq'
1470 1917 1611 1966 generis
1627 1915 1810 1954 conuieos
1830 1916 1871 1953 in
1895 1910 2047 1972 affic‘la·

428 1977 527 2016 tione
539 1975 694 2027 Imperij
704 2001 715 2018 ,
729 1973 831 2014 nihil
839 1972 996 2026 amplius
1008 1994 1019 2015 ‚
1045 1985 1157 2025 quam
1171 1980 1219 2010 vt
1226 1969 1433 2024 desisterent
1442 1973 1585 2010 monuit
1597 1999 1607 2014 ,
1620 1970 1740 2009 dicens
1753 1999 1762 2014 ‚
1786 1973 2042 2019 Principatum

416 2028 509 2084 fito
522 2032 626 2073 dari:
647 2030 691 2087 st
696 2030 792 2085 quid
790 2039 971 2082 praeterea
984 2027 1227 2083 desiderarent
1238 2050 1249 2071 ‚
1269 2032 1489 2080 promittens
1504 2027 1548 2081 se
1562 2026 1789 2066 tributurum
1807 2041 1818 2066 .·
1848 2027 2043 2078 necstilum

430 2089 511 2130 illos
522 2086 723 2143 familiari
742 2099 843 2129 coenae
862 2084 1035 2126 adhibuit
1046 2114 1058 2129 ‚
1079 2084 1151 2139 fid
1171 2084 1218 2127 ὠ·
1240 2083 1444 2138 insequenti
1467 2085 1526 2124 die
1552 2083 1803 2136 gladiatorum
1823 2081 2046 2138 speHaculis

429 2141 821 2200 circafiexindzstria
835 2143 989 2184 locauit.
1021 2142 1159 2183 Creuit
1170 2140 1324 2183 hincilli
1339 2155 1499 2186 nomen,
1513 2152 1552 2181 vt
1564 2140 1719 2182 humani
1732 2143 1880 2195 generis
1898 2144 2043 2184 Amor,

430 2204 476 2245 &
496 2202 652 2246 Delitiae
665 2205 928 2243 nominaretur
941 2230 949 2239 .
961 2203 1007 2240 Et
1020 2198 1125 2253 apud
1138 2199 1314 2239 eumdem
1328 2199 1377 2240 de
1390 2196 1541 2239 Caesare
1551 2198 1757 2239 habemus:
1780 2198 1948 2237 Raetias
1960 2209 2047 2238 con—

426 2263 629 2303 iurationes
653 2271 727 2299 non
738 2258 841 2297 vltro
854 2259 977 2307 arguit
988 2283 998 2299 ‚
1017 2267 1130 2308 quam
1144 2264 1192 2294 vt
1205 2255 1320 2295 ediHo
1331 2255 1535 2295 ostenderet
1544 2278 1556 2297 2
1570 2254 1704 2307 essestbi
1719 2264 1844 2294 notas:
1881 2255 1928 2297 ὼ
1940 2267 2044 2294 acer.

426 2316 471 2358 bb
480 2316 710 2371 loquentibus
728 2312 823 2372 satis
834 2311 968 2352 habuit
980 2322 1052 2362 pro
1065 2313 1231 2351 concione
1244 2310 1476 2365 denunciass'e
1495 2324 1541 2349 ne
1552 2311 1849 2363 perftuerarent.
1875 2311 2041 2350 Catonis

428 2378 542 2415 etiam
555 2373 684 2415 liberis
699 2368 896 2411 incolume
910 2368 1185 2423 patrimonium
1200 2365 1386 2408 seruauit.
1418 2368 1484 2406 De
1505 2367 1769 2407 Constantino
1788 2364 1881 2406 illud
1901 2367 2043 2420 prodi-

427 2442 510 2474 tum
526 2444 538 2478 ς
560 2444 645 2471 cum
661 2433 693 2469 ei
708 2427 885 2469 austeres
901 2425 1055 2480 plurimi
1068 2422 1210 2468 effent3
1236 2434 1279 2463 vt
1301 2426 1338 2463 in
1360 2423 1628 2477 Imperatoriae
1646 2421 1780 2462 statuae
1798 2420 2044 2463 deformato-

430 2502 491 2532 1es
502 2486 608 2530 ferro
621 2516 631 2532 ‚
647 2487 689 2529 ὅτ,
706 2483 856 2543 ignibus
869 2481 1036 2525 saeuiret,
1050 2477 1290 2535 respondisse
1302 2493 1316 2520 .·
1332 2481 1404 2531 Ego
1420 2479 1560 2518 nullum
1574 2479 1833 2533 vulnusftntio
1844 2510 1852 2519 .
1868 2480 1955 2519 Nec
1967 2491 2041 2534 pu.

431 2545 524 2586 deat
539 2547 747 2601 Principes
757 2540 969 2587 Ethnicos,
993 2539 1035 2580 &
1049 2537 1291 2580 Christianos
1315 2539 1453 2576 imitari
1467 2536 1750 2590 Imperatores:
1778 2534 1928 2578 seruare
1941 2539 2042 2577 enim

433 2616 522 2645 cum
534 2601 706 2658 perdere
717 2596 834 2656 possis
845 2619 858 2643 ρ
872 2597 963 2637 dum
979 2599 1126 2638 crimen
1137 2618 1149 2639 2
1161 2595 1204 2636 ὃ(
1216 2594 1405 2636 hostilitas
1416 2592 1607 2647 deposcat
1620 2623 1629 2638 ‚
1647 2607 1724 2633 non
1736 2592 1806 2635 nisi
1815 2607 2040 2648 magnorum

433 2659 503 2703 est»
518 2662 560 2701 &
574 2660 716 2714 quibus
727 2652 954 2712 generosior
966 2656 1124 2698 animus,
1138 2663 1181 2693 vt
1198 2652 1298 2692 bene
1315 2653 1476 2692 Seneca:
1492 2653 1547 2689 M
1549 2653 1763 2702 agnianimi
1771 2648 1826 2689 esi
1834 2653 2041 2702 proprium,
2063 2673 2114 2726 D

429 2716 616 2771 placidum
630 2714 717 2770 este,
744 2710 1080 2768 tranquillumque,
1107 2719 1221 2766 atque
1230 2706 1603 2768 offenstonesfiaepern?
1617 2705 1813 2760 despicere.
1837 2708 1949 2747 Facit
1962 2706 2040 2749 hoc

434 2774 547 2815 Deus
562 2802 573 2818 ,
592 2786 706 2827 quem
724 2770 827 2814 nulla
840 2771 977 2809 iniuria
990 2779 1146 2824 tangere
1157 2767 1288 2824 potest
1303 2798 1312 2807 .
1342 2769 1475 2820 Atque
1490 2764 1584 2803 hinc
1601 2763 1771 2803 Romani
1787 2778 1864 2803 non
1883 2778 1973 2804 raro
1988 2767 2044 2805 vi·

434 2832 520 2874 (tas
536 2830 648 2872 vrbes
663 2832 823 2871 ciuitate
834 2825 1040 2869 donabant
1052 2854 1063 2869 ,
1086 2836 1126 2865 vt
1143 2835 1307 2867 aeternas
1329 2821 1401 2863 fibi
1420 2821 1504 2862 illas
1516 2831 1819 2873 compararent:
1846 2824 1900 2861 ita
1910 2820 1969 2861 vel
1984 2821 2040 2861 ob

436 2886 550 2932 solam
566 2885 894 2944 pulchritudinem
907 2882 1068 2922 intaftas
1081 2880 1286 2924 seruabant
1296 2902 1307 2923 2
1321 2893 1369 2920 ne
1379 2889 1441 2919 tot
1451 2878 1569 2918 docta
1581 2875 1805 2918 saeculorum
1820 2891 1944 2932 opera
1958 2891 2039 2917 mo,

437 2955 573 2988 mento
585 2941 813 2999 perderent;
830 2940 883 2979 ita
896 2936 1093 2981 Massiliam
1110 2936 1248 2979 Caesar,
1261 2935 1535 2978 Alexandriam
1552 2934 1742 2988 Augustus
1756 2931 1941 2987 nonpaffi
1956 2932 2040 2974 sunt

439 3000 614 3044 exscindi
634 3031 643 3041 .
658 3003 715 3043 At
725 3011 820 3039 vero
837 2996 926 3038 dum
943 2997 1028 3052 quis
1040 2998 1174 3051 rapina
1187 3023 1199 3039 .
1216 2990 1336 3036 ferro,
1349 2992 1500 3049 ignibus
1515 2991 1703 3048 populum
1719 2990 1909 3040 subijcere
1920 3004 2044 3032 cona-

437 3071 521 3103 tur;
541 3056 749 3099 nascuntur
763 3066 856 3095 tunc
869 3051 960 3094 odia
975 3066 1180 3114 numquam
1193 3053 1384 3093 moritura
1402 3081 1412 3090 .
1636 3077 1639 3080 v

495 3116 628 3159 Noxia
645 3125 773 3157 tamen
787 3108 961 3167 persaepe
975 3114 1087 3153 nimia
1099 3111 1316 3149 Clementia
1328 3108 1491 3162 Regnis,
1521 3102 1768 3161 Regibusque
1781 3103 1835 3144 est
1852 3118 1861 3143 :
1890 3100 2042 3144 miscui-t

441 3174 544 3215 illam
560 3172 708 3214 iustitiae
721 3172 912 3213 Traianus
927 3169 1148 3221 Imperator
1160 3165 1350 3208 referente
1362 3162 1515 3205 Caffioz
1538 3177 1623 3205 cum
1651 3164 1754 3202 Surae
1771 3160 2045 3202 tribunatum...

442 3230 603 3274 militum
622 3230 817 3272 traderet,
839 3226 912 3267 ait:
934 3223 1065 3270 Talem
1081 3222 1195 3278 ensem
1205 3225 1347 3275 accipe,
1368 3236 1473 3278 quem
1490 3233 1562 3276 pro
1582 3233 1637 3261 me
1659 3218 1865 3269 itademum
1875 3218 2045 3282 strinxe-

1903 3287 1954 3314 rts
1970 3302 1983 3320 ,

2136 57 2193 95 8
