2206 3480
320 111 415 165 DE
437 108 645 163 LVDIS
665 109 790 165 SEV
810 110 1263 171 SPECTACVLIS
1286 119 1570 177 ROMAN.
1670 124 1737 190 '19
1752 150 1771 188 1

114 218 157 272 A
239 211 330 260 Nec
342 210 570 264 Principum
582 205 665 248 haec
677 204 785 249 suiffe
796 205 916 248 sol-um
931 222 940 248 τ
958 221 1045 249 nam
1055 208 1103 251 de
1116 208 1267 251 Milone
1282 211 1403 253 refert
1417 213 1587 258 Cicero:
1604 218 1703 261 Tria
1718 233 1793 275 pa-

188 271 364 311 trimonia
373 272 413 307 in
427 265 494 306 has
503 278 560 305 res
570 261 725 325 effudffi
737 296 747 306 .
774 265 839 305 De
852 263 1024 306 Messana
1038 266 1209 321 quodam
1221 272 1350 325 inquit
1363 270 1555 328 Vopiscus
1573 275 1612 315 in
1630 279 1797 319 Carino:

185 326 255 370 Ille
269 326 364 366 enim
378 326 645 378 patrimonium
664 321 776 376 suum
778 321 931 376 scenicis
941 322 1042 362 dedit
1054 352 1064 368 ‚
1085 324 1289 366 heredibus
1299 326 1511 382 abrogauit.-
1539 337 1671 374 matris
1690 339 1793 376 tuni-

186 397 267 425 cam
282 383 382 423 dedit
393 383 448 422 M
452 383 551 424 ima,
572 378 754 418 lacernam
759 380 885 430 patris
896 380 1027 418 Mimo
1040 392 1052 416 .·
1080 382 1155 419 iam
1169 383 1264 435 quid
1269 385 1382 425 lineat
1403 389 1541 439 petitas
1558 396 1719 448 Aegypto
1739 393 1793 433 le-

181 455 279 497 que„
294 447 310 480 ,2
336 438 430 494 quid
439 436 540 491 Tyro
553 434 599 478 ἀγ
610 434 740 473 Sidone
753 436 931 474 tenuitate
935 434 1143 486 perlucidas
1155 459 1167 480 ‚
1189 442 1362 481 micantes
1376 453 1569 497 purpura,
1591 450 1789 500 plumandi

180 494 396 551 difficultate
417 490 650 547 pernobilem
680 492 822 532 Donati
839 489 933 546 fient
947 490 996 530 ab
1015 492 1235 534 Atrebaticis
1252 496 1368 542 birri,
1384 505 1499 551 petiti
1512 526 1525 546 ‚
1544 505 1675 546 donati
1690 506 1789 547 birri

187 553 363 609 canufini
373 581 384 596 ‚
397 547 581 602 africana
595 558 675 601 opes
684 551 725 587 in
736 546 848 601 scena
863 560 934 588 nou
944 551 1047 600 prius
1059 548 1148 603 vzste
1159 579 1171 590 .
1197 552 1246 592 Et
1266 551 1342 594 hac
1360 557 1507 609 quidem
1520 561 1656 603 idcirco
1669 574 1730 616 ego
1743 567 1784 603 in

188 613 325 654 litteris
334 606 429 660 mfi,
448 614 497 646 vt
510 603 667 657 ficturos
679 604 833 644 editores
839 604 963 657 pudor
974 614 1155 657 tangeret,
1171 620 1218 647 ne
1230 612 1461 660 patrimonia
1480 615 1554 669 sua
1569 618 1785 673 profirfptis

189 668 357 721 legitimis
379 662 582 707 heredibus
597 691 608 708 ‚
631 663 750 702 mimis
765 660 815 705 ὼ
837 661 1091 702 balatronibus
1119 663 1340 718 deputarent
1357 698 1367 707 .
1397 671 1448 710 Et
1468 672 1783 728 olympiodorus

175 723 299 768 tesert
316 737 326 765 ε
354 720 479 782 Qod
486 719 625 763 Probus
623 717 732 775 filius
739 718 880 775 ΑζγΡίῙ,
906 730 986 762 cum
998 717 1071 773 ips?
1079 722 1281 763 Praturam
1285 734 1426 776 gereret
1434 754 1447 775 ‚
1459 727 1648 770 duodecim
1659 743 1776 773 cente-¹²

175 795 228 824 na
239 780 363 835 pondo
376 781 463 822 auri
476 775 669 833 absitmffit
681 807 690 816 .
716 774 948 830 Symmachus
961 787 1052 816 vero
1063 776 1124 817 ille
1141 780 1278 822 Orator
1292 809 1304 826 ‚
1323 780 1476 823 Senator
1493 795 1595 827 vnus
1609 784 1776 829 emedio..

177 840 301 882 eribus
309 841 349 880 in
351 837 436 895 filij
443 833 645 888 Symmachi
649 835 850 875 Praturam
863 832 1112 888 quadraginta
1127 866 1136 876 .
1153 835 1195 875 H
1201 836 1264 878 inc
1276 835 1417 881 fastum
1433 851 1476 882 vt
1486 841 1671 885 inferiore
1686 860 1774 887 aeuo

176 899 361 953 quoniam
373 892 445 949 ipfi
455 891 647 934 Consules
656 893 694 932 in
708 887 930 932 huiusmodi
943 891 1060 931 ludos
1075 889 1278 946 largiffime
1291 897 1588 952 impenderent:
1615 904 1653 942 in
1666 903 1773 945 Cod.

175 952 376 996 Iustiniani
386 951 505 993 titulo
521 949 571 991 de
583 946 818 992 Consulibus
829 946 918 990 liba
927 960 966 990 2.
975 946 1089 989 fuerit
1103 949 1280 991 editalex
1289 981 1300 996 ‚
1315 965 1401 1008 quae
1412 957 1612 1009 spargendi
1620 960 1772 1001 vilitate-

1 1010 28 1078 u*
164 1009 340 1067 sublata,
359 1011 436 1050 eius
449 1009 524 1050 loco
536 1007 589 1048 ad
603 1009 871 1062 reparationem
887 1004 1178 1060 Aquaeduc‘tuum
1193 1017 1341 1051 centena
1357 1012 1480 1065 pondo
1491 1018 1578 1057 auri
1594 1016 1771 1070 prestari

0 1078 2 1084 ·
113 1055 154 1109 B
169 1079 241 1123 per
255 1066 416 1124 fingulos
425 1064 644 1122 consulatus,
657 1066 859 1109 decernit.
1675 1100 1678 1103 Α

0 1098 29 1179 {ss
227 1125 285 1165 Vt
296 1125 416 1181 igitur
426 1125 477 1166 de
487 1123 588 1166 ludis
600 1122 812 1180 singulatim
830 1126 960 1184 aliqua
973 1126 1409 1187 prosequamurmempe
1423 1134 1460 1174 in
1477 1131 1672 1178 Theano,
1679 1134 1773 1174 Am·
1790 1171 1793 1177 ,

170 1181 406 1240 phitheatro
418 1211 430 1228 ‚
446 1192 512 1224 aut
524 1184 650 1224 circo
662 1214 672 1224 .
685 1186 735 1225 Et
747 1184 914 1239 primum
927 1186 979 1226 de
994 1186 1176 1229 Molibus
1190 1187 1444 1230 theatralibus
1462 1220 1470 1235 ‚
1488 1203 1573 1245 quae
1588 1188 1687 1245 saepe
1700 1194 1772 1232 in.»

168 1253 324 1297 paucos
337 1241 419 1282 dies
433 1239 584 1283 strutstae
594 1241 637 1281 &
647 1239 752 1296 pen&
766 1269 777 1286 ,
787 1252 830 1283 vt
841 1240 1126 1292 deijcerentur:
1140 1244 1221 1286 duo
1235 1246 1458 1288 admiranda
1477 1248 1665 1302 exempla,
1682 1261 1771 1303 quae

171 1299 324 1342 Plinius
336 1296 485 1354 aspexit
493 1313 506 1345 5
523 1299 627 1340 idem
647 1296 713 1339 lib.
720 1302 785 1352 36.
801 1311 911 1354 cap.1
924 1301 1115 1355 5.inquit:
1137 1304 1207 1343 M.
1220 1304 1374 1344 Scaurus
1389 1302 1489 1355 ficit
1509 1307 1547 1345 in
1572 1305 1773 1348 Aedilitate

159 1355 236 1413 fita
247 1367 335 1410 opus
344 1359 505 1398 omnium
517 1357 725 1397 maximum
735 1379 746 1400 ‚
761 1369 840 1411 qua
852 1369 1022 1412 ‘unquam
1037 1356 1152 1408 suere
1159 1358 1324 1400 humana
1335 1374 1447 1401 manu
1449 1360 1564 1413 fiilia
1574 1392 1584 1408 ,
1603 1375 1675 1402 non
1685 1371 1774 1402 tem-

162 1415 319 1467 poraria
332 1425 456 1459 mora,
475 1421 732 1454 verumtamen
746 1416 960 1455 aternitatis
970 1413 1216 1455 destinatione
1227 1448 1236 1457 .
1266 1417 1473 1458 Theatrum
1489 1418 1557 1459 hoc
1573 1416 1658 1470 ficit
1671 1433 1680 1460 :
1694 1417 1775 1472 fte-

165 1483 219 1512 na
229 1469 373 1525 trt'pIex
381 1473 421 1511 in
429 1469 662 1511 altitudinem
676 1472 841 1512 CCCLX.
854 1470 1102 1511 columnarum
1111 1485 1123 1509 .·
1134 1475 1209 1512 ima
1215 1483 1305 1525 pars
1311 1473 1427 1527 fienae
1446 1474 1655 1516 &marmore
1663 1475 1773 1525 juin

165 1527 288 1570 media
302 1525 457 1570 ὲνίινο,
469 1526 638 1567 inaudito
651 1529 761 1567 etiam
769 1524 898 1579 pofleae
902 1537 1032 1579 genere
1055 1527 1217 1570 luxuria
1231 1561 1240 1570 .
1271 1532 1422 1571 Summa
1438 1531 1570 1572 tabulis
1592 1534 1774 1572 inauratis

164 1583 356 1629 columna,
373 1592 422 1624 vt
434 1581 626 1628 diximus,
646 1586 727 1626 imae
736 1583 809 1623 duo
818 1583 863 1622 de
872 1583 1148 1638 quadragenum
1165 1586 1325 1639 pedum:
1344 1586 1450 1641 signa
1477 1603 1568 1630 area
1600 1593 1697 1629 inter
1720 1601 1775 1629 co-

162 1639 308 1682 lumnas
317 1670 328 1686 ,
339 1649 389 1681 vt
401 1641 644 1682 indicauimus
654 1669 664 1686 ‚
686 1638 850 1689 ficerunt
867 1642 943 1680 tria
956 1640 1073 1682 millia
1099 1654 1247 1683 numero
1262 1657 1270 1683 :
1299 1647 1420 1685 Cauea
1444 1648 1520 1699 ipstz
1542 1651 1635 1699 cepit
1655 1646 1776 1686 homi-

121 1711 129 1718 ·
164 1709 255 1738 num
264 1697 407 1739 LXXX
418 1695 535 1749 millia
547 1721 558 1740 ‚
573 1707 651 1738 cunt
664 1699 878 1750 Pompeiani
896 1697 1059 1743 theatri,
1085 1702 1191 1740 toties
1205 1700 1448 1753 multiplicata
1466 1702 1578 1747 Vrbe,
1601 1713 1778 1757 tantoque

161 1757 302 1798 maiore
308 1754 444 1808 populo
455 1777 468 1799 ,
484 1751 649 1809 sufficiat
667 1755 764 1808 large
775 1756 848 1795 XL.
865 1754 1026 1796 millibus
1038 1785 1048 1793 .
1080 1756 1152 1796 Sed
1161 1757 1207 1802 ὠ·
1220 1757 1385 1813 reliquus
1405 1771 1608 1813 apparatus
1629 1770 1754 1801 tantus
1766 1790 1777 1803 ‚

11 1855 14 1858 ,
162 1811 330 1856 Attalica
340 1811 469 1857 vene,
489 1811 625 1853 tabulis
637 1814 766 1865 pinis,
788 1821 985 1868 ceteroque
1003 1811 1171 1866 choragio
1185 1812 1291 1865 ficit,
1314 1825 1363 1854 vt
1383 1819 1423 1857 in
1440 1817 1688 1873 Tusculanam
1698 1817 1777 1857 vil-

25 1910 27 1915 ,
94 1895 143 1948 C
165 1869 244 1912 lam
257 1871 475 1924 reportatis,
497 1867 847 1925 quasuperfiterant
854 1869 1063 1925 quotidiani
1074 1871 1161 1928 vfics
1171 1871 1324 1926 delitiis,
1336 1873 1480 1929 incensa
1493 1874 1588 1915 villa
1601 1874 1647 1915 ab
1663 1877 1772 1915 iratis

166 1925 294 1981 seruis
305 1936 595 1969 concremaretur
608 1927 660 1967 ad
667 1930 708 1968 H
715 1929 758 1968 .S.
770 1927 898 1968 millies
913 1960 921 1969 .

220 1983 401 2028 Alterum
413 1985 633 2039 exemplum
645 1998 696 2025 ex
709 1985 848 2025 eodem
862 1985 990 2027 Plinio
1008 1986 1147 2039 lib.36.
1159 2001 1247 2042 cap.
1257 2001 1271 2027 1
1284 1998 1315 2037 ς.
1332 1991 1399 2041 qui
1424 1988 1537 2030 dictis
1558 1987 1612 2029 fic
1625 1987 1768 2030 subne-

165 2041 241 2084 stit
253 2055 264 2082 z
293 2040 426 2094 Aufirt
438 2045 613 2084 animum.
626 2042 672 2085 (ν
684 2041 708 2080 d
722 2040 895 2091 destinato
905 2045 1037 2082 itinere
1045 2042 1187 2094 digredi
1195 2046 1286 2095 cogit
1294 2046 1545 2096 contemplatio
1558 2056 1633 2086 tam
1641 2047 1770 2101 prodi-

0 2107 39 2155 ”³⁴
161 2108 218 2154 ge
226 2099 576 2154 menti52aliamque
587 2099 750 2138 connec‘i'i
762 2097 942 2152 insaniam
954 2097 1096 2151 eligno.
1115 2103 1156 2140 C.
1167 2102 1278 2140 Curio
1283 2098 1445 2152 su'nebri
1464 2106 1584 2143 Patris
1605 2117 1774 2147 munere,

167 2168 250 2197 cum
265 2155 391 2210 opibus
406 2164 661 2208 apparatuque
672 2168 745 2195 non
753 2151 1041 2212 psffi’tfitperare
1052 2158 1229 2197 Scaurum
1245 2172 1256 2202 ;
1277 2171 1354 2198 cum
1368 2162 1440 2199 iam
1454 2173 1517 2199 nec
1538 2160 1610 2214 ipse
1629 2159 1777 2216 quidem

163 2211 321 2253 Scaurus
335 2211 413 2267 sibi
427 2214 634 2265 comparari
643 2210 753 2264 psset
764 2240 774 2255 ‚
797 2212 945 2267 quando
955 2212 1024 2254 hoc
1036 2224 1130 2254 certe
1141 2214 1298 2269 incendy'
1311 2215 1408 2255 illius
1412 2221 1605 2268 premium
1619 2218 1752 2258 habuit
1766 2247 1777 2262 ‚

165 2270 345 2310 conueetis
353 2281 409 2309 ex
422 2269 508 2309 orbe
516 2280 699 2310 terrarum
708 2269 814 2308 rebus
825 2292 837 2312 ‚
858 2280 907 2310 vt
917 2283 1020 2311 nemo
1029 2270 1156 2323 postea
1172 2281 1248 2324 par
1259 2269 1336 2330 effet
1355 2273 1505 2329 insania
1525 2274 1581 2314 illi
1592 2302 1600 2311 .
1630 2277 1777 2328 Ingenio

163 2337 247 2380 ergo
261 2325 442 2370 vtendum
450 2324 553 2379 ficit.
586 2326 752 2366 Theatra
763 2326 836 2366 duo
850 2329 966 2367 iuxta
974 2326 1074 2380 fecit
1100 2328 1471 2386 ampliffimaelzgnm
1486 2330 1678 2373 cardinum
1694 2332 1777 2387 stn-

156 2383 328 2438 gulorum
339 2381 687 2439 verfiztilificspenla
699 2382 917 2424 libramento
930 2413 942 2429 ‚
965 2388 1006 2425 in
1030 2385 1162 2440 quibus
1186 2386 1358 2442 vtrisque
1369 2387 1661 2430 antemeridiano
1674 2389 1775 2430 ludo-

162 2453 251 2482 rum
264 2440 462 2496 speHaculo
471 2440 568 2481 edito
581 2443 677 2481 inter
686 2438 766 2496 sese
773 2440 922 2497 auersst,
936 2454 982 2482 ne
988 2444 1142 2483 inuicem
1155 2441 1523 2500 obstreperentsienae,
1538 2454 1684 2498 repente
1699 2448 1769 2485 cir-

164 2496 340 2540 cumac‘iis
349 2527 360 2543 ,
373 2506 422 2537 vt
431 2495 718 2547 contrastarent;
732 2496 908 2549 pcstremb
922 2501 997 2540 iam
1014 2499 1075 2540 die
1085 2499 1378 2555 distendentibus
1386 2501 1520 2542 tabulis
1538 2502 1583 2545 ὡς
1600 2502 1769 2543 cornibus

165 2554 306 2610 interse
322 2554 528 2595 coeuntibus
538 2577 548 2597 2
564 2553 736 2605 ficiebat
745 2554 1060 2607 amphitheatrum
1072 2583 1084 2602 ,
1097 2557 1146 2600 ὠ·
1155 2557 1402 2609 gladiatorum
1413 2558 1612 2612 §peliacula
1623 2559 1762 2604 edebat,

166 2609 284 2666 ipsum
291 2614 402 2664 magis
412 2613 643 2652 auHoratum
653 2611 828 2664 populum
841 2610 1114 2665 circumferens.
1145 2614 1261 2669 Qid
1282 2617 1377 2654 enim
1394 2617 1547 2655 miretur
1566 2615 1719 2670 quifique
1730 2619 1776 2656 in

166 2665 238 2707 hoc
243 2670 406 2720 primum
417 2676 434 2709 ,ἓ
449 2673 674 2709 inuentorem
689 2681 738 2707 an
750 2669 939 2708 inuentum
953 2675 969 2707 ,ἰ
993 2669 1172 2725 artificem
1186 2683 1236 2710 an
1249 2672 1432 2712 auctorem
1443 2679 1458 2711 ,2
1469 2672 1596 2725 ausum
1609 2674 1768 2728 aliquem

85 2725 141 2780 D
170 2722 239 2763 hoc
247 2727 455 2777 excogitare
463 2739 514 2767 an
523 2724 730 2781 suscepere?
751 2735 883 2777 parere
890 2737 940 2765 an
953 2724 1101 2766 iuberet
1114 2725 1229 2780 fitper
1241 2731 1362 2768 omnia
1373 2731 1444 2768 erit
1453 2730 1583 2782 Populi
1590 2728 1770 2785 fitrorse-

168 2781 255 2821 dere
262 2781 344 2835 ausi
346 2789 423 2821 tam
445 2781 562 2836 infida
585 2782 822 2837 instabilique
835 2780 924 2838 sede
935 2814 945 2823 .
976 2781 1079 2840 Qae
1090 2782 1220 2824 vilitas
1245 2787 1452 2827 animarum
1476 2786 1575 2827 issa?
1599 2797 1669 2827 aut
1691 2800 1770 2840 qua

167 2837 316 2892 querela
324 2836 370 2877 de
378 2840 515 2879 Cannis
530 2848 710 2895 quantum
721 2840 810 2879 mali
816 2841 943 2892 potuit
953 2840 1116 2881 accidere
1127 2871 1140 2882 .
1161 2844 1249 2883 Ecce
1256 2843 1412 2895 Populus
1423 2844 1608 2884 Romanus
1617 2848 1774 2884 vntum·-

105 2888 110 2893 ’
155 2893 245 2952 fias,
264 2891 516 2934 velutduobus
527 2896 684 2951 nauigijs
692 2896 874 2950 impositus
884 2895 980 2941 binis
988 2898 1199 2939 cardinibus
1199 2896 1418 2952 sustinetur,
1446 2901 1494 2945 (ἐν
1508 2900 1551 2955 je
1573 2900 1687 2955 ipsum
1705 2900 1770 2940 de-

162 2959 385 3005 pugnantem
386 2947 543 3006 spectat,
551 2955 738 3004 periturus
747 2963 925 2994 momento
937 2954 1062 3009 aliquo
1072 2955 1213 2995 laxatis
1222 2956 1401 2998 machinis
1411 2991 1417 2998 .
1433 2960 1514 3011 Qi
1528 2962 1705 3012 quantiq;
1717 2958 1766 2998 illi

166 3011 349 3051 cardines
362 3007 506 3062 singuli,
517 3009 585 3065 qui
597 3019 687 3052 tota
697 3008 850 3051 theatra
860 3008 1068 3055 sustineret,
1081 3023 1290 3058 verterent,
1300 3017 1362 3054 iun
1367 3014 1767 3069 gerent,difisigerent-

167 3074 262 3122 que?
270 3066 387 3107 Plura
395 3064 509 3106 huius
517 3068 668 3121 generis
677 3063 821 3120 paffim,
836 3065 900 3107 sed
911 3071 948 3109 in
962 3067 1188 3111 circumfusa
1198 3085 1324 3112 rerum
1339 3074 1458 3127 copia
1468 3076 1714 3126 excerpimus
1725 3072 1769 3112 &

166 3123 339 3177 eligimus
357 3136 502 3178 paucam
521 3125 563 3163 &
575 3123 772 3178 praediffls
783 3125 895 3164 etiam
908 3124 1108 3168 adnefiam
1120 3140 1169 3167 ex
1181 3127 1320 3168 eodem
1337 3129 1466 3169 Plinio
1480 3129 1545 3171 lib.
1551 3143 1572 3183 3
1580 3143 1613 3183 3·
1629 3142 1716 3185 cap.
1724 3143 1756 3182 30

164 3182 204 3220 C.
215 3182 395 3220 Antonius
406 3180 506 3220 ludos
527 3180 640 3236 fiena
652 3189 820 3234 argentea
838 3179 958 3232 fecit.
986 3185 1078 3227 Item
1094 3185 1132 3229 L.
1148 3187 1205 3225 M
1207 3199 1331 3226 urana
1345 3187 1384 3225 in
1400 3189 1491 3228 circo
1509 3197 1638 3241 pegma
1647 3186 1763 3230 duxit

163 3240 203 3276 itt
215 3250 285 3292 quo
292 3234 556 3291 suereargenti
561 3237 684 3292 pondo
693 3239 799 3285 CXX
803 3240 901 3285 Vm,
1724 3268 1727 3271 ⁴
1752 3254 1756 3259 “

1275 3298 1313 3345 A
1327 3312 1348 3345 ,a
1405 3311 1433 3346 2
1663 3302 1721 3345 Ex
