2206 3480
230 186 411 220 Laeuipeten.

230 372 250 398 ἰ
259 371 341 399 lama
350 373 389 399 ad
399 371 456 402 vul.

227 418 275 438 §asts
285 432 293 442 .

230 711 395 742 Gladiatores
407 719 452 740 ex-

231 750 342 781 orabant
354 771 363 781 0

238 2265 350 2303 Populus
357 2265 460 2295 interm-

242 2304 317 2335 debat

256 2505 368 2535 lubebat
382 2506 461 2535 etiam

237 2544 348 2582 interfici
354 2566 363 2575 .

477 105 573 141 212
658 91 788 143 DE
866 79 1892 141 GLADIATORIBVS.

482 185 625 225 senec.
638 184 746 232 liba..
759 183 896 224 Natur.
909 177 1037 234 quaest.
1045 183 1078 218 A
1088 176 1198 217 turba
1211 186 1390 231 quantum
1395 185 1499 229 potes
1507 185 1544 216 te
1546 174 1701 229 separa,
1711 189 1758 216 ne
1765 169 2017 217 adulatoribus
2027 174 2081 215 la·
2103 175 2143 229 A

487 250 544 281 tus
552 241 715 294 prebeas
729 271 736 278 .
749 240 971 282 Ammianus
986 233 1113 289 :ftque
1122 237 1162 273 in
1170 233 1315 274 modum
1323 237 1381 273 M
1373 233 1580 289 yrmillonis
1590 236 1756 285 aperiens
1763 260 1775 278 ,
1787 230 1937 283 hostium
1949 234 2078 280 latera,

489 311 569 353 qua
580 297 746 337 nudabat
754 319 764 339 ‚
778 299 834 334 ira
832 293 1060 348 flagrantior
1069 320 1080 336 ‚
1091 289 1270 332 dimidiis
1278 290 1508 332 mucronibus
1511 288 1734 343 perforabat
1743 321 1753 332 .

540 354 701 400 Clamor
717 351 949 394 Insultantis,
967 349 1009 389 &
1023 348 1136 403 Vulgi
1148 347 1376 389 acclamatio
1385 346 1508 390 fiebat
1520 347 1569 388 ad
1587 346 1758 395 Vulnus:
1773 347 1960 391 Prudent-

705 408 741 449 T
742 421 812 449 unc
821 415 1024 447 exarmata
1036 405 1196 457 iugulum
1207 407 1404 446 meretricis
1412 404 1545 446 adano

706 464 913 520 Transfigit
916 463 1040 517 gladio
1051 476 1061 503 :
1079 462 1209 503 calidos
1221 465 1344 503 vomit
1358 463 1424 503 illa
1435 472 1592 516 vapores
1599 491 1612 510 ,

705 524 794 564 Hoc
805 521 917 562 habet
925 543 938 565 2
949 520 1136 563 exclamat
1144 519 1296 560 victrix
1308 522 1431 574 regina
1445 550 1457 560 .

487 584 635 624 Seneca
647 582 685 622 in
701 579 895 635 Tragoed.

708 638 838 680 Habet
847 665 858 682 ‚
872 635 1059 691 peraHum
1070 634 1125 677 ef}
1137 650 1147 677 ε
1165 647 1256 691 quas
1263 638 1358 688 petis
1365 645 1490 688 poenas
1497 633 1599 675 dedit
1608 666 1618 677 .

478 696 571 739 Laefi
583 694 816 751 gladiatores
834 696 966 734 mortis
979 705 1082 734 metu
1097 707 1199 734 arma
1211 691 1486 734 submittebant
1495 724 1504 734 .
1531 694 1679 734 Seneca
1692 693 1743 734 de
1755 690 2041 734 Prouidentia»
2057 703 2070 732 t

482 752 599 809 Qid
609 765 668 804 ego
694 749 802 792 mum
815 747 1067 804 aduersarium
1090 749 1183 790 mihi
1199 748 1371 803 sumam?
1390 749 1518 790 statim
1534 762 1638 790 arma
1649 749 1846 805 submittet
1856 764 1868 796 ς
1896 762 1969 790 non
1983 758 2070 800 opus

479 811 533 852 εΗ
542 812 580 850 in
594 810 696 851 illum
705 817 783 849 tota
789 811 955 860 potentia
967 819 1045 846 mea
1060 838 1068 846 .
1081 810 1128 849 Et
1142 807 1243 847 idem
1258 809 1427 848 Seneca:
1450 806 1727 848 Gladiatoribus
1750 808 1833 847 licet
1853 819 1958 847 arma
1975 803 2072 859 sub-

478 870 621 908 mittere
633 890 645 911 ‚
659 864 938 921 mifiricordiam
942 863 1074 915 populi
1084 873 1226 904 tentare
1238 878 1247 905 :
1272 874 1313 904 tu
1321 877 1437 919 neque
1435 862 1632 918 submittes
1645 879 1668 904 a
1674 878 1754 904 rma
1766 892 1776 908 .
1804 877 1870 905 nec
1879 867 2002 903 vitant
2010 876 2072 902 ro-

474 926 603 977 gabis;
622 924 718 963 reHo
744 921 812 962 tibi
831 921 1043 975 inuic‘loque
1064 921 1287 961 moriendum
1300 919 1361 970 est.
1390 924 1438 962 Et
1456 920 1558 961 idem
1586 920 1695 975 epist.
1711 925 1801 962 108.
1814 923 1909 962 Non
1921 916 2070 971 fficiam

482 982 583 1037 quod
589 982 684 1022 vieti
695 978 816 1034 solent
828 1002 840 1022 ,
866 987 914 1017 vt
924 988 1115 1030 prouocem
1128 975 1180 1017 ad
1185 978 1361 1029 Populum
1371 1008 1381 1016 .
1411 979 1497 1018 Siue
1512 978 1625 1018 etiam
1637 977 1687 1018 ad
1703 977 1890 1019 Editores
1905 1008 1914 1019 .
1944 977 2068 1019 Cice-

482 1053 529 1080 ro
544 1051 581 1080 2.
591 1036 743 1079 Tuscul.
756 1038 927 1075 Mittunt
936 1037 1046 1074 etiam
1054 1033 1269 1073 vulneribus
1281 1030 1434 1085 confil't'i
1440 1033 1494 1072 ad
1502 1035 1686 1079 Dominos,
1703 1037 1770 1088 qui
1777 1042 1945 1089 quaerant
1956 1062 1967 1078 ‚
1978 1031 2073 1088 quid
2100 1012 2137 1063 Β

487 1096 624 1138 velint;
632 1093 676 1147 si
683 1090 962 1147 yssatigfhc‘ium
970 1091 1122 1145 nonsit,
1135 1088 1285 1145 fivelle
1301 1088 1526 1131 decumbere.
1546 1090 1628 1130 Dio
1638 1094 1677 1131 in
1694 1089 1871 1132 saeuitiam
1886 1089 2068 1132 Caracal-

485 1152 555 1193 lae:
584 1152 736 1191 Munus
753 1148 982 1190 Nicomedia
988 1147 1149 1201 prebuit
1167 1147 1227 1188 die
1241 1145 1313 1201 βο
1325 1147 1463 1189 natali,
1497 1148 1536 1187 in
1553 1160 1625 1200 quo
1638 1144 1777 1199 ferunt
1789 1148 1932 1188 vitium
1947 1159 2075 1200 quem-

483 1211 587 1265 piam
601 1205 890 1260 &gladiatoribus
888 1204 1101 1261 fiapplicasse
1112 1207 1296 1245 Antonino
1306 1206 1369 1243 vti
1375 1203 1596 1258 firuaretur
1611 1218 1620 1244 ε
1644 1204 1747 1244 illum
1758 1203 1967 1261 respondff·
1977 1233 1988 1248 ‚
1999 1201 2077 1245 Abi

485 1264 535 1310 ό·
549 1262 759 1316 aduerfirrio
771 1271 832 1303 tuo
831 1262 1011 1318 supplica.
1025 1263 1268 1318 Qamquam
1283 1259 1416 1303 adhoc
1425 1259 1528 1302 solus
1541 1264 1788 1316 Imperatoris
1802 1260 1990 1303 adue-ntus
2004 1257 2077 1301 suf-

490 1323 629 1363 ficeret
640 1352 648 1362 .
661 1319 846 1363 Ouid.de
860 1321 990 1361 Ponto
1001 1351 1011 1362 .

651 1375 801 1432 casaris
811 1376 972 1417 aduentu
980 1405 992 1423 ,
1006 1386 1087 1417 tuta
1096 1375 1280 1430 gladiator
1287 1389 1402 1418 arena

709 1436 807 1476 Exit
816 1464 826 1480 ‚
848 1434 896 1479 ὼ·
907 1434 1096 1476 auxilium
1108 1447 1181 1475 non
1191 1434 1270 1474 leue
1277 1434 1405 1474 vultus
1412 1432 1525 1474 habet
1535 1466 1544 1475 .
1828 1460 1830 1462 v

488 1491 783 1535 Haeoliberatio
797 1489 932 1532 Miffio
945 1491 1171 1537 dicebatur,
1192 1505 1278 1547 quae
1290 1489 1517 1546 pertinebat
1526 1490 1575 1533 ad
1588 1491 1711 1534 vistos
1726 1518 1737 1535 .
1769 1498 1812 1531 vt
1825 1492 1863 1532 in
1875 1502 1961 1532 eum
1972 1488 2076 1531 diem

489 1550 693 1593 dumtaxat
705 1548 980 1591 liberarentur.
996 1548 1211 1590 Martialis:
1237 1550 1373 1600 Nuper
1386 1560 1465 1589 cum
1476 1550 1636 1604 Myrino
1640 1556 1827 1601 peteretur
1842 1543 1952 1602 mifflo
1977 1547 2075 1602 [ιβ.

489 1607 628 1663 ltaque
640 1605 716 1647 fine
729 1605 903 1648 miffione
923 1606 1016 1647 dare
1033 1607 1269 1661 gladiatores
1292 1603 1354 1645 seu
1365 1618 1555 1660 pugnam;
1580 1618 1660 1646 non
1678 1603 1780 1644 aliud
1792 1617 1906 1660 quam
1921 1605 1970 1644 ad
1988 1616 2078 1645 cer·

490 1674 568 1705 tam
583 1673 746 1704 mortem
757 1663 841 1704 dari
852 1662 921 1704 nifi
936 1666 1088 1709 vincas;
1113 1676 1241 1719 neque
1259 1665 1315 1703 ius
1331 1661 1404 1703 effe
1417 1661 1638 1705 vulneratos
1653 1658 1923 1716 supplicesque
1934 1660 2076 1711 liberi-

490 1722 534 1763 di
546 1735 557 1761 .·
578 1731 621 1761 vt
632 1721 681 1763 de
692 1717 830 1763 Perseo
839 1720 964 1761 Liuius
973 1719 1108 1767 lib.41.
1119 1719 1261 1759 Deinde
1269 1718 1404 1773 sepius
1417 1719 1640 1771 gladiatores
1648 1717 1790 1762 dando;
1814 1717 1863 1763 ό·
1871 1716 1977 1758 modo
1985 1716 2079 1757 vul·

491 1777 640 1819 neribus
652 1787 776 1822 tenus,
799 1777 902 1818 modo
912 1778 998 1832 fine
1019 1772 1177 1832 mifflone
1187 1778 1297 1815 etiam
1313 1803 1323 1811 .
1346 1778 1395 1818 Et
1408 1774 1538 1816 Florus
1549 1775 1599 1816 de
1613 1777 1743 1830 Pugna
1756 1787 1844 1815 cum
1856 1776 2076 1829 Spartaco:

489 1835 573 1874 «Siue
585 1831 743 1889 miffione
748 1843 949 1887 pugnatum
961 1830 1019 1882 est.
1045 1833 1151 1874 Hinc
1164 1831 1264 1873 aliud
1279 1829 1440 1886 Augusti
1452 1830 1666 1876 decretum,
1680 1834 1747 1885 qui
1758 1830 1989 1871 Gladiatores
1995 1830 2080 1886 fine
2103 1840 2149 1892 C

490 1886 649 1947 miffione
657 1891 716 1930 edi
718 1890 933 1943 prohibuit.
955 1892 1114 1930 Sueton.
1129 1899 1285 1945 capa-5.
1299 1889 1499 1944 Quoniam
1514 1891 1663 1945 reperti
1674 1887 1760 1930 saeui
1775 1889 1992 1938 munerarii,
2006 1888 2078 1944 qui

488 1962 625 1989 omnes
639 1947 784 1988 dabant
797 1948 834 1987 in
851 1957 996 1989 certam
1021 1956 1184 1987 mortem
1197 1976 1206 1991 ,
1227 1946 1349 2000 qualis
1369 1943 1442 1987 fuit
1460 1947 1655 1990 Domitius
1673 1958 1764 1988 auus
1782 1946 1955 1986 Neronis
1968 1973 1979 1989 ,
2002 1945 2078 1989 de,-

489 2007 786 2059 Suetonecapa..
796 2006 946 2044 Munus
952 2005 1214 2058 gladiatorium
1224 2002 1340 2043 edidit
1351 2011 1458 2044 tanta
1478 2002 1624 2058 sauitia
1635 2033 1646 2045 ,
1666 2012 1715 2043 vt
1729 2001 1852 2056 necesse
1858 2000 1984 2053 suerit
1994 2008 2072 2043 Au-

483 2060 579 2116 gtsto
588 2092 598 2108 ,
622 2058 859 2112 clatnfristra
868 2065 1058 2105 monitum,
1077 2060 1194 2101 ediHo
1208 2072 1383 2101 coercere.
1408 2060 1512 2101 Hinc
1524 2061 1719 2104 decenter
1733 2059 1958 2101 translatum
1969 2057 1991 2099 a
2003 2060 2071 2099 Se-

491 2132 591 2161 neca
605 2134 614 2160 :
635 2118 752 2176 Qid
755 2129 869 2172 porro
877 2117 1156 2171 prodestpaucos
1167 2131 1279 2159 annos
1291 2117 1359 2158 vel
1363 2117 1438 2158 dies
1450 2116 1686 2169 lucrifacere!
1697 2118 1779 2172 fine
1789 2113 1950 2171 miffi'one
1962 2113 2081 2170 nasti-

491 2189 575 2218 mur
587 2204 596 2214 .
613 2178 668 2218 Et
681 2174 876 2231 Apul.lib1
890 2188 920 2215 1.
933 2178 980 2215 H
982 2176 1258 2229 odiernapugna
1269 2189 1343 2216 non
1350 2175 1464 2216 habet
1471 2174 1663 2232 mifflonem
1675 2202 1699 2213 ..
1764 2184 1766 2186 ·

546 2233 717 2289 Populus
732 2233 962 2279 moderator
975 2233 1018 2273 &
1029 2231 1178 2273 arbiter
1191 2242 1274 2273 erat
1285 2232 1426 2274 horum
1438 2231 1616 2275 ludorum
1629 2235 1666 2274 in
1691 2246 1806 2273 arena
1817 2254 1828 2276 ›
1860 2232 1905 2272 δε
1930 2230 1979 2271 ad
2000 2230 2080 2269 eius

488 2289 730 2346 voluptatem
746 2290 904 2329 Domini
922 2288 1150 2344 plerumque
1161 2286 1196 2330 se
1208 2288 1510 2332 conformabant
1535 2319 1545 2335 ‚
1568 2302 1654 2331 cum
1666 2289 1730 2329 ille
1741 2302 1817 2342 pro
1830 2287 1959 2332 vidis,
1972 2282 2080 2327 laefis·

488 2345 873 2403 quaintercedebat.
896 2348 1045 2387 Seneca
1061 2345 1110 2385 de
1125 2345 1413 2402 Tranquilllib.
1426 2359 1462 2388 2.
1478 2345 1631 2403 Qaeris
1650 2345 1745 2399 quid
1759 2348 1856 2385 inter
1869 2343 1956 2384 duos
1965 2345 2081 2382 inter-

478 2405 556 2463 fit?
580 2403 681 2459 quod
687 2406 783 2443 inter
789 2402 1011 2454 gladiatores
1025 2399 1262 2456 firttffimos,
1289 2416 1446 2457 quorum
1465 2403 1561 2443 alter
1572 2404 1712 2456 premit
1727 2401 1865 2441 vulnus
1878 2398 1927 2443 ὁ·
1938 2397 2081 2439 conflat

490 2468 529 2504 in
534 2461 653 2516 gradu
667 2474 676 2501 :
699 2460 791 2500 alter
800 2456 989 2516 respiciens
1004 2458 1057 2499 ad
1076 2459 1289 2500 clamantem
1310 2459 1486 2512 Populum
1486 2458 1675 2514 significat
1684 2457 1783 2499 nihil
1792 2456 1853 2510 esse
1863 2480 1875 2501 2
1896 2459 1945 2504 ἀι
1964 2458 2080 2496 inter-

490 2521 566 2561 cedi
580 2531 652 2560 non
657 2519 823 2571 patitur.
852 2513 1027 2558 Interfici
1042 2514 1202 2558 iubebat
1213 2516 1316 2558 idem
1330 2515 1505 2573 Populus
1521 2517 1629 2574 figno
1643 2513 1819 2559 conuetfi
1833 2512 2002 2570 pollicis,
2012 2515 2078 2555 Iu-

488 2577 631 2619 uenalis
645 2609 655 2619 .
1369 2588 1371 2591 ·

713 2636 770 2674 M
772 2647 884 2674 unera
897 2644 992 2673 nunc
999 2631 1112 2675 edunt
1121 2661 1130 2678 ‚
1145 2630 1194 2676 ὸ·
1204 2630 1312 2688 verso
1316 2632 1449 2686 pollice
1461 2629 1566 2688 vulgi

713 2690 927 2746 Qemlibet
937 2689 1104 2731 occidunt
1109 2690 1340 2743 populariter
1353 2718 1367 2731 .
1623 2717 1625 2720 -
1646 2719 1649 2722 -
1789 2702 1791 2704 ·
2098 2670 2150 2723 D

487 2749 719 2793 Prudentius
734 2748 783 2786 de
794 2747 935 2788 Vestali
944 2778 955 2788 .

838 2824 961 2836 -——
981 2803 1177 2857 Consurgit
1187 2805 1240 2845 ad
1246 2805 1338 2845 ἰθαι-

715 2864 762 2902 Et
774 2862 910 2914 quoties
922 2857 1202 2909 vIHorfirrum
1210 2861 1329 2911 iugulo
1340 2859 1468 2915 inserit
1476 2889 1487 2906 ‚
1503 2857 1573 2901 illa

714 2918 872 2958 Delicias
884 2919 939 2955 ait
947 2913 1008 2973 effi
1007 2915 1104 2971 suas
1112 2939 1123 2960 ‚
1140 2915 1331 2971 peHuffiue
1338 2919 1486 2958 iacentis

711 2975 816 3027 Virgo
830 2972 988 3014 modesta
996 2973 1096 3013 iubet
1108 2972 1273 3029 conueifii
1280 2974 1411 3026 pollice
1417 2976 1556 3028 rumpi.

491 3038 614 3079 Sicuti
626 3032 647 3074 ὲ
664 3034 866 3075 contrario
876 3028 1044 3084 pollices
1054 3029 1259 3083 premebat
1268 3031 1438 3086 populus
1450 3031 1488 3072 in
1499 3030 1652 3075 fauore.
1670 3040 1714 3072 vt
1736 3027 1840 3086 apud
1855 3025 2016 3069 P-h‘nifi'm
2031 3025 2074 3068 δε

491 3096 718 3135 Horatium.
741 3087 921 3130 Audacia
937 3086 979 3126 &
993 3086 1218 3127 Constantia
1228 3087 1480 3142 gladiatorum
1499 3097 1664 3142 accepta
1675 3099 1761 3130 erat
1779 3083 1953 3140 Populo:
1979 3095 2021 3125 vt
2033 3099 2075 3124 e·

492 3156 581 3191 tiam
593 3154 609 3191 Ἰ
615 3163 661 3204 gn
668 3151 750 3188 auia
762 3146 857 3185 odio
869 3153 954 3183 erat
965 3174 974 3183 .
986 3142 1136 3183 Cicero
1146 3157 1222 3198 pro
1235 3144 1412 3185 Milone:
1438 3148 1580 3186 Etenim
1589 3143 1690 3196 sicut
1703 3146 1743 3186 in
1763 3142 1999 3197 gladiatorijs
2006 3152 2077 3194 pu-

487 3210 569 3263 gnis
583 3207 726 3247 timidos
737 3203 783 3249 <a
795 3201 998 3256 supplices,
1023 3198 1069 3244 ὢν
1081 3209 1130 3239 vt
1138 3202 1269 3241 viuere
1278 3201 1385 3246 liceat
1392 3200 1630 3256 olfeci-antes,
1654 3202 1764 3242 etiam
1787 3197 1889 3254 odsse
1898 3196 2054 3254 solemus
2065 3211 2078 3236 .-

1897 3252 2024 3306 sortes
