2206 3480
296 116 403 170 DE
444 116 753 170 ROMAN.
793 117 1032 170 VIRIB.
1077 114 1225 169 SEV
1264 113 1563 167 POTEN.
1726 131 1782 165 ιε

114 212 153 265 A
402 209 501 249 Dum
521 206 625 267 offers
647 209 759 249 viHis
772 207 922 263 proprii
948 207 1127 263 consortia
1156 208 1263 251 iurit,

460 265 587 305 Vrbem
603 263 751 317 jecisti,
780 263 882 318 quod
891 267 1000 315 prius
1023 265 1120 305 orbis
1141 272 1223 306 erat
1237 294 1248 305 .

396 322 460 361 Tu
482 334 626 375 quoque
644 319 800 373 legiferis
818 320 993 361 mundum
1015 322 1207 374 complexa
1233 320 1435 375 triumphis

460 376 603 416 Foedere
623 379 803 417 communi
820 379 951 416 viuere
972 379 1100 417 cundia
1120 377 1242 428 ficis.

176 435 285 477 Talis
299 448 461 489 namque
474 431 562 488 post
574 434 774 474 vistoriam
788 445 873 474 erat
883 434 1063 474 Romana
1077 433 1318 487 Respublica
1332 448 1344 479 ;
1371 445 1412 476 vt
1432 446 1581 492 gentes,
1591 450 1686 492 quas
1699 436 1781 493 ipsa

176 491 358 534 vincebat
368 519 378 535 ‚
392 504 470 530 non
484 488 665 532 seruitute
677 501 897 545 premeret,
919 487 985 531 sed
1000 485 1049 531 ad
1067 488 1290 532 societatem
1316 490 1504 533 bonarum
1516 495 1639 549 legum
1654 495 1699 536 &
1710 496 1786 536 bo-

173 561 310 590 norum
324 546 573 592 admitteret;
601 561 646 588 ac
660 547 848 602 deinceps
859 547 913 588 illi
924 545 989 588 soli
1000 550 1156 589 nomine
1173 545 1363 592 Barbari,
1390 546 1450 588 seu
1465 552 1562 590 serui
1576 551 1697 593 essent
1711 566 1785 594 no.

171 608 269 650 tati,
294 606 363 660 qui
376 602 443 645 sub
463 604 646 644 Romano
663 607 836 659 Imperio
851 618 931 644 non
944 604 1087 646 effent:
1104 604 1200 646 hinc
1213 605 1514 648 Sidoniuslib.1.
1529 608 1683 648 Romam
1696 623 1784 652 ver.

166 665 274 702 tieem
285 661 413 702 mundi
425 690 434 705 ‚
441 663 606 713 patriam
617 660 781 701 liberatis
790 683 802 705 ‚
825 664 866 701 in
876 675 950 717 qua
959 664 1073 702 vnica
1085 665 1197 702 totius
1209 661 1339 702 munde·
1357 664 1509 703 ciuitate
1520 663 1601 718 [ὀίί
1622 666 1783 707 Barbari

167 718 215 763 ὼ
222 717 326 774 serui
333 719 614 772 peregrinantur
627 750 636 758 .
669 719 766 759 Inde
778 717 855 759 tale
864 716 1055 774 proceffit
1068 722 1208 760 ciuium
1221 730 1490 774 augumentum
1502 749 1513 765 ,
1535 730 1580 761 vt
1605 718 1674 761 sub
1693 725 1779 764 Au..

167 779 265 832 gusti
280 774 516 818 Consulatu,
543 785 585 815 vt
599 773 680 831 ipse
696 775 748 816 de
774 773 811 816 se
823 776 926 817 dixit
936 776 1120 832 inlapide
1131 779 1368 832 Ancyrano:
1390 779 1429 818 in
1449 775 1650 819 consulatu
1661 778 1776 822 sexto

167 834 314 874 cenfita
327 831 411 873 sunt
425 835 564 873 ciuium
583 832 848 874 Romanorum
864 837 997 888 capita
1012 833 1239 890 quadragies
1258 844 1414 875 centum
1426 834 1538 877 millia
1549 836 1589 876 ἃ
1601 833 1777 892 sexagin-

166 900 207 930 ta
218 894 303 931 tria:
320 902 359 930 at
372 888 439 930 sub
454 889 627 931 Claudio
638 888 757 932 refert
768 890 930 932 Tacitus
945 892 989 932 &
1001 892 1044 932 ali
1046 894 1060 942 j
1073 893 1253 934 austeres
1266 890 1438 947 sexagies
1448 895 1585 935 nouies
1596 892 1774 949 sexagin-

166 956 208 988 ta
221 958 392 1002 quatuor
419 946 531 988 millia
544 979 553 988 .

225 1005 401 1045 Diximus
414 1018 588 1060 quaenam
605 1003 724 1045 effent
736 1005 913 1061 praefidia
930 1007 1102 1047 Romani
1115 1008 1273 1064 Imperij
1288 1023 1300 1054 ;
1324 1020 1411 1050 cum
1425 1006 1524 1051 illud
1532 1009 1696 1051 maxime
1706 1007 1785 1051 flo-
1800 1005 1961 1081 famum
1971 1015 2033 1047 pn.

168 1071 272 1102 reret
287 1077 300 1101 .·
329 1071 479 1103 certum
494 1059 580 1102 sane
590 1061 644 1103 est
657 1091 668 1107 ‚
690 1073 734 1104 vt
760 1077 838 1104 non
849 1061 1033 1104 inferiora
1045 1064 1275 1121 Regnorum
1290 1064 1472 1122 praefidia
1482 1066 1728 1109 exercitibus
1739 1067 1784 1108 &
1873 1055 1921 1075 ω’

171 1118 360 1160 thesauris
376 1117 519 1161 fuerint
529 1122 670 1160 Amici:
695 1123 765 1175 qui
783 1123 882 1161 enim
896 1134 1023 1176 neque
1034 1126 1145 1163 armis
1165 1126 1255 1178 cogi
1270 1152 1281 1168 ,
1300 1136 1430 1178 neque
1442 1138 1536 1165 auro
1546 1124 1683 1165 induci
1692 1123 1785 1180 pos-

172 1174 259 1217 sunt
280 1200 291 1220 ,
305 1176 383 1216 fide
397 1176 439 1216 ὅ(
451 1174 587 1217 officio
602 1187 809 1230 parantur.
825 1177 1026 1219 verissima
1039 1183 1137 1220 enim
1149 1182 1255 1235 apud
1267 1179 1480 1222 Sallustium
1491 1184 1693 1224 morientis
1703 1181 1784 1223 Mi-

165 1232 282 1289 cipsae
295 1234 341 1273 ad
359 1232 459 1275 filios
470 1233 610 1275 verba:
640 1237 733 1274 Non
748 1237 951 1280 exercitus,
965 1249 1082 1290 neque
1092 1236 1259 1292 thefburi
1269 1236 1445 1290 praefidia
1453 1240 1572 1292 Regni
1576 1236 1673 1294 fimt
1681 1254 1694 1285 ;
1713 1252 1784 1280 ve·

161 1304 245 1331 rum
256 1291 398 1333 Amici.
406 1304 497 1346 quos
506 1304 623 1346 neque
635 1293 748 1332 armis
760 1302 879 1345 cogere
890 1321 899 1336 ,
913 1305 1031 1348 neque
1039 1307 1132 1334 auro
1134 1305 1275 1346 parare
1284 1308 1414 1349 queem
1424 1292 1540 1347 officio
1549 1295 1599 1340 (θ’
1615 1295 1701 1351 fide
1703 1307 1778 1350 pa-

161 1357 315 1388 rantur.
348 1348 524 1403 Equidem
539 1360 598 1400 ego
612 1360 760 1399 regnum
776 1349 883 1389 vobis
901 1350 1010 1389 trado
1020 1349 1180 1404 firmum
1192 1380 1202 1395 ,
1206 1351 1252 1405 st
1263 1350 1351 1391 boni
1362 1354 1464 1391 eritis
1479 1366 1491 1397 ;
1508 1353 1573 1407 stn
1589 1353 1690 1398 mali,
1705 1355 1778 1394 im·-

160 1404 345 1445 becillum.
376 1409 420 1445 N
421 1418 480 1444 am
490 1405 681 1445 concordia
704 1418 761 1445 res
783 1416 914 1458 paruae
925 1405 1106 1460 crescunt,
1140 1408 1321 1461 discordia
1332 1409 1511 1451 maxima
1532 1408 1776 1452 dilabuntur.

162 1463 261 1502 Non
279 1465 519 1517 priuatorum
533 1472 694 1506 tantum,
707 1459 773 1502 sed
786 1464 1014 1517 Regnorum
1026 1463 1204 1518 praefidia
1223 1465 1327 1505 dixit
1338 1466 1506 1506 Amicos
1517 1494 1530 1511 ,
1541 1478 1621 1506 non
1637 1480 1774 1508 aurum

160 1532 241 1559 non
256 1533 378 1560 arma.
410 1519 613 1559 Docemur
636 1516 719 1558 hoc
744 1520 966 1560 vernaculis
990 1524 1159 1561 omnium
1167 1524 1341 1576 gentium
1356 1519 1660 1578 historiis,quae
1678 1537 1778 1565 auro

160 1573 350 1630 armisque
361 1580 563 1631 perierunt
573 1605 583 1616 .
612 1575 740 1616 Porro
751 1589 871 1631 regna
883 1590 1016 1618 amore
1027 1589 1156 1633 parta,
1167 1592 1300 1621 amore
1313 1578 1502 1620 steterunt
1519 1594 1672 1622 :aurum
1681 1581 1780 1624 vero

161 1632 427 1675 &immodica
439 1635 521 1673 auri
535 1631 611 1675 fitis
625 1632 816 1688 pleraque
832 1634 1032 1689 perdidit.
1061 1637 1190 1677 Armis
1209 1634 1339 1679 euersa
1358 1634 1490 1678 subito
1514 1637 1579 1678 lon
1586 1638 1632 1693 ge
1652 1641 1778 1680 maxi-

157 1703 242 1732 ma:
274 1704 383 1732 amor
393 1701 522 1731 autem
537 1689 726 1735 firmauit,
742 1691 787 1731 &
801 1692 841 1731 in
852 1691 1032 1746 posteros
1042 1690 1265 1735 transmisit:
1293 1707 1370 1736 nec
1384 1693 1499 1737 vuum
1512 1708 1681 1751 vnquam
1693 1709 1776 1738 mu—

157 1750 372 1791 nimentum
387 1761 519 1789 amore
532 1750 676 1789 certius
687 1777 697 1787 .
727 1748 958 1791 vicinorum
986 1751 1141 1806 Regum
1153 1774 1165 1794 ‚
1192 1765 1240 1793 ac
1263 1753 1491 1808 Principum
1515 1755 1686 1794 amicitia
1700 1766 1780 1809 pro

158 1805 260 1848 vallo
290 1808 329 1847 ἃ
351 1804 457 1846 ferro
477 1803 629 1861 semper
648 1803 720 1847 fuit
741 1819 753 1847 :
781 1819 950 1863 quaeque
971 1821 1105 1849 aurum
1121 1809 1164 1849 δε
1177 1822 1279 1851 arma
1298 1810 1586 1865 perdiderant,
1609 1809 1779 1852 restituit

91 1886 137 1936 C
159 1877 279 1909 amor,
290 1863 467 1904 omnibus
481 1862 651 1904 validior
662 1864 776 1905 armis
787 1878 894 1905 :nam
909 1865 952 1906 ὃ(
974 1865 1024 1906 ab
1039 1866 1154 1907 armis
1172 1880 1276 1909 arma
1290 1866 1500 1913 cadunt5&
1513 1866 1774 1921 intergmilita-

159 1935 219 1961 res
236 1932 397 1962 armatas
410 1919 604 1962 custodias
620 1920 716 1962 nihil
726 1918 812 1962 satis
827 1931 952 1964 tutum
963 1922 1018 1964 est
1029 1953 1041 1968 ‚
1053 1921 1120 1963 sed
1129 1934 1254 1965 metus
1267 1923 1317 1966 ab
1327 1922 1422 1979 ipsis
1433 1923 1509 1968 est;
1534 1936 1622 1964 cum
1635 1926 1772 1978 quaein

158 1979 316 2020 tutelam
333 1978 508 2022 delcita,
531 1981 570 2018 in
583 1981 781 2020 interitum
794 1991 873 2019 non
883 1978 1178 2034 semelRegibus
1189 1979 1362 2020 fuerint'.
1383 1979 1453 2020 Ab
1467 1992 1599 2019 amore
1622 1982 1763 2023 enim-a

161 2038 281 2077 timor
294 2037 415 2077 nullus
424 2049 437 2074 :
468 2035 511 2076 ὃ(
524 2038 666 2076 certius
678 2035 804 2076 media
816 2037 919 2075 inter
929 2049 1032 2076 arma
1057 2038 1204 2075 inerme
1217 2034 1353 2089 pedus
1365 2047 1497 2077 amore
1511 2035 1681 2077 cinctum
1692 2035 1769 2079 sta·

161 2094 242 2139 bit;
258 2108 371 2149 quam
384 2101 529 2134 armata
540 2090 647 2134 ferro
659 2092 826 2132 dextera
850 2088 980 2133 saeuire
999 2090 1140 2138 docta,
1171 2093 1300 2133 timeri
1323 2089 1466 2134 assueta
1479 2095 1583 2136 inter
1595 2095 1763 2137 inermes

161 2164 293 2193 manus
309 2151 424 2191 suerit
436 2181 446 2190 .

218 2208 273 2247 Vt
287 2211 489 2247 terminum
502 2207 670 2263 denique
680 2220 870 2262 ponamus
881 2206 976 2250 huic
990 2206 1188 2264 capitulo:
1208 2206 1326 2250 restat
1339 2205 1468 2249 adhuc
1481 2208 1743 2265 indagandum
1753 2238 1766 2256 2
1791 2224 1975 2263 Confidam
1986 2249 1996 2258 .

159 2278 278 2320 quare
294 2266 513 2306 Romanum
527 2265 736 2319 Imperium
753 2265 804 2305 ad
825 2275 969 2306 tantam
987 2264 1152 2308 euaserit
1176 2267 1419 2321 potentiam?
1441 2266 1484 2308 δε
1504 2264 1770 2322 respondetur

157 2322 213 2363 ob
233 2323 326 2363 duas
340 2336 389 2363 ex
401 2331 514 2377 parte
531 2321 606 2361 Dei
618 2321 818 2377 praecipue
837 2320 967 2363 causas
995 2325 1218 2364 Romanum
1245 2325 1455 2377 Imperium
1469 2333 1545 2365 tam
1559 2337 1769 2380 magnum

159 2379 309 2421 euafiffe
323 2393 337 2419 .·
365 2383 485 2420 altera
500 2377 591 2423 fuit,
615 2390 661 2419 vt
679 2388 791 2420 notat
810 2379 863 2421 D.
878 2380 1110 2434 Augustinus
1126 2380 1194 2422 lib.
1205 2393 1245 2429 4.
1261 2379 1310 2420 de
1321 2380 1441 2423 Ciuit.
1452 2380 1535 2422 Dei
1552 2393 1614 2423 c.1
1627 2395 1662 2434 5.
1674 2396 1766 2427 cum

156 2434 337 2493 quasdam
353 2436 475 2477 veluti
488 2437 651 2477 virtutes
665 2436 828 2477 morales
839 2437 1019 2478 attribuit
1031 2439 1232 2484 Romanis3
1246 2438 1646 2495 quare‚vtilleinquit:
1659 2439 1766 2502 Q·-

156 2494 223 2534 bus
235 2506 309 2534 non
320 2504 403 2533 erat
410 2496 508 2534 Deus
518 2493 673 2534 daturus
683 2496 806 2534 vitam
819 2503 1005 2541 aeternam‚
1029 2494 1075 2548 st
1091 2509 1207 2550 neque
1221 2494 1320 2536 hanc
1331 2497 1383 2536 eis
1395 2504 1577 2537 terrenam
1601 2496 1762 2549 gloriam

155 2547 440 2603 excellentiffimi
447 2552 468 2591 I
468 2551 597 2604 mpery‘
609 2550 836 2594 concederet,
858 2565 934 2591 non
949 2552 1163 2593 redderetur
1183 2566 1316 2593 merces
1334 2551 1438 2594 bonis
1458 2551 1601 2594 artibus
1611 2567 1736 2595 eorum
1748 2577 1765 2600 ²

157 2607 199 2648 id
208 2606 252 2661 est
263 2631 275 2652 ,
285 2606 492 2648 virtutibus
501 2630 513 2651 ‚
525 2606 656 2661 quibus
662 2608 715 2647 ad
725 2616 868 2648 tantam
874 2608 1029 2661 gloriam
1036 2613 1228 2662 peruenire
1239 2608 1454 2650 nitebantur
1467 2642 1475 2651 .
1506 2609 1648 2653 Altera
1660 2614 1764 2654 ratio

156 2662 228 2705 fuit
241 2689 253 2710 ‚
263 2675 305 2705 vt
316 2663 439 2706 sedem
455 2663 521 2704 suo
538 2664 698 2706 Vicario
710 2675 870 2720 pararet
884 2664 1146 2719 dignissimam,
1161 2680 1275 2721 quam
1288 2667 1425 2709 Romae
1436 2666 1676 2710 constituere
1688 2682 1760 2711 vo-

81 2712 134 2765 D
157 2719 284 2766 lebat,
310 2720 495 2763 &mundi
505 2732 628 2777 caput
639 2721 906 2776 temporaliter
917 2721 1026 2767 esset,
1051 2738 1138 2779 quae
1149 2721 1281 2766 futura
1301 2734 1386 2767 erat
1413 2722 1684 2781 spii-ituantem
1709 2727 1754 2769 δε

156 2778 392 2834 praedicatio
406 2779 601 2834 Euangelij
617 2776 764 2820 facilius
774 2779 912 2823 orbem
922 2782 986 2822 vni
998 2782 1141 2822 ditioni
1153 2781 1364 2825 subiectum
1377 2786 1755 2840 peragraret‚trium-

159 2832 337 2892 phusque
351 2835 467 2890 ipsius
477 2835 623 2894 Christi
640 2835 690 2878 de
703 2836 934 2881 Gentilitate
943 2837 1157 2896 gloriosior
1167 2838 1263 2883 effet
1275 2871 1286 2882 .
