2206 3480
246 108 351 162 DE
388 105 961 159 VESTIMENTIS
1000 108 1585 164 ROMANORVM.
1667 130 1769 175 259

70 201 117 258 A
208 200 311 243 Haec
326 204 399 242 iam
413 198 519 240 dicsta
533 198 583 240 de
599 197 762 241 vestibus
779 200 1050 242 Romanorum
1062 200 1099 238 in
1119 203 1284 240 nitorem
1298 198 1648 246 &ostentationem
1660 218 1762 247 non„
1806 209 2015 248 M0⁷³22⁵⁶0²⁷fi1

150 256 311 300 aliterin
327 262 413 298 vitre
429 255 691 297 neceffitatem
704 259 878 297 inuenta.
910 257 949 296 O
969 256 996 297 fi
1008 259 1157 298 viueret
1175 257 1322 299 Persius
1338 280 1350 299 2
1364 272 1476 313 quam
1497 258 1651 303 luderet
1663 266 1698 303 in
1715 263 1760 304 fi·
1786 248 1881 276 ’ΨΜ

148 318 256 357 miles
272 319 386 357 noni-i
405 319 470 355 zui
486 316 682 353 dementes
695 312 707 352 1
719 311 760 352 O
777 315 863 353 vani
876 312 1078 369 quousque
1096 318 1238 354 tenetis
1254 316 1402 356 miseras
1418 327 1565 358 mentes
1581 327 1596 358 ἓ
1627 333 1762 375 quam-

148 374 218 414 diu
236 372 456 414 heriatua,
478 371 652 425 tegendo
667 369 779 409 vestis
792 370 865 413 est,
890 368 1021 423 frigori
1036 370 1244 424 pellendo:
1281 372 1514 427 nosgloriae,
1543 375 1755 418 &libidini

149 431 330 474 vestimur
343 463 353 473 .
379 427 573 471 Induendi
583 437 709 466 tamen
723 422 844 466 sumus
857 454 868 470 ,
887 423 950 468 sed
967 426 1090 469 caste,
1118 426 1340 479 sediniurijs
1355 429 1549 471 pellendis
1563 465 1572 473 .
1601 436 1656 475 At
1672 449 1753 490 quo

146 488 241 530 mihi
254 486 363 529 vestis
379 484 473 526 nihil
486 483 660 524 celatura
671 491 686 522 ?
706 494 822 537 quam
837 496 915 523 non
929 484 1022 524 dico
1041 483 1156 524 vllum
1171 489 1336 539 corpori
1349 487 1528 533 auxilium
1544 518 1555 534 ‚
1573 487 1637 531 sed
1666 494 1753 532 nul-

146 544 225 587 lum
242 544 387 599 pudori
397 540 475 586 est?
496 555 577 595 quo
591 539 746 595 depexa
761 539 971 584 arboribus
983 538 1144 584 vellera,
1176 542 1368 583 mundatis
1380 557 1575 598 aquarum
1586 542 1751 604 aspergi-

145 615 199 643 ne
211 601 317 651 foliis
329 624 354 650 ‚q
366 601 406 640 in
430 597 634 655 publicum
647 595 747 638 vsum
769 595 980 642 seueritatis
993 596 1197 642 damnoid
1212 596 1432 644 admiffum3
1461 615 1511 642 ex
1526 616 1608 657 quo
1626 605 1752 647 osten—

146 657 290 700 dantur
312 659 446 712 potius
458 669 630 711 coz-pora
644 678 656 699 ‚
670 667 784 710 quam
801 653 1009 695 vestiantur
1024 663 1039 696 2
1147 687 1171 701 t.

204 717 293 757 Nec
307 728 404 757 vana
415 714 501 756 haec
518 711 674 754 vestium
690 710 844 753 cultura
857 713 877 752 a
892 711 1041 755 delisto
1052 711 1161 754 abe-st
1176 744 1186 753 .
1200 713 1388 767 Gregorij
1408 713 1524 756 verba
1537 714 1639 763 sunt.-
1669 722 1752 761 Ne,

141 783 202 816 mo
214 772 404 814 existimet
412 775 452 814 in
465 771 580 813 luxu,
593 780 705 824 atque
709 766 836 819 studio
844 769 1088 825 pretiosarum
1099 767 1262 810 vestium
1274 780 1466 822 peccatum
1477 785 1551 812 non
1562 773 1641 829 effi»;
1661 781 1750 829 quia

127 829 248 888 fihoc
259 831 366 883 culpa
374 823 556 884 noneff'et,
586 825 807 871 nullomodo
817 828 836 866 l
838 839 990 867 oannem
998 828 1181 868 >Dominus
1192 826 1237 868 de
1249 824 1452 877 vestimenti
1471 828 1537 884 siai
1559 830 1756 886 asperitate

138 886 329 941 laudqsset.
362 884 493 927 Multo
508 898 603 926 vero
621 887 741 925 minus
752 884 801 924 de
813 882 968 926 vestium
981 882 1193 939 splendore
1209 886 1383 926 Diuitem
1395 885 1627 929 damnasset.
1647 890 1745 930 Non

137 942 312 1001 sequitur
326 945 590 985 innocentiam
606 942 771 984 Domini
784 944 980 984 damnatio
994 942 1018 997 (
1031 942 1298 983 cuiusiudicia
1310 939 1386 984 falli
1403 956 1482 983 non
1498 945 1657 999 poffunt
1669 946 1693 1000 )
1707 951 1745 988 in

136 1015 224 1044 eum
238 1005 305 1058 qui
315 1013 494 1057 purpura
509 1000 551 1041 δε
562 996 678 1055 byfl'o
693 998 936 1047 induebatur
953 1033 962 1042 .

72 1036 115 1089 B
191 1062 240 1103 Et
255 1070 296 1101 vt
307 1071 456 1101 aeterna
469 1056 674 1112 seponant,
687 1058 783 1112 quid
794 1056 924 1118 sperat
933 1057 996 1101 ille
1006 1060 1175 1104 omnium
1189 1072 1318 1116 prope
1329 1062 1498 1113 gentium
1513 1059 1614 1101 veste
1630 1076 1747 1105 orna·

131 1126 219 1159 tus?
230 1126 296 1159 aut
311 1116 407 1172 quid
418 1125 566 1170 praeter
576 1128 704 1155 earum
717 1117 821 1159 vitia,
837 1113 906 1159 fibi
923 1116 973 1157 ab
987 1115 1050 1158 illa
1062 1119 1257 1171 promittit
1270 1125 1286 1157 ,ἒ
1304 1116 1513 1158 Moderata
1522 1116 1634 1158 vestis
1646 1133 1741 1174 pru-

133 1174 309 1217 dentiam
324 1175 367 1216 &
383 1174 647 1217 maturitatem
659 1171 852 1227 spondet:
875 1171 1020 1228 aliquid
1034 1171 1182 1228 semper
1199 1177 1236 1217 in
1251 1173 1352 1216 veste
1367 1174 1567 1228 neglectus
1588 1177 1741 1222 ingenia

130 1246 268 1288 magna
286 1229 518 1272 ostendunt.
532 1230 724 1274 Laudatus
735 1233 773 1270 in
787 1229 869 1270 hoc
885 1229 1077 1286 Augustus
1090 1233 1110 1274 a
1122 1235 1322 1276 Suetonio,
1334 1231 1384 1271 de
1400 1245 1479 1285 quo
1493 1229 1585 1272 illud
1597 1245 1607 1272 ι
1619 1235 1745 1275 Num.

128 1303 245 1345 quam
258 1287 368 1329 thora
381 1283 532 1345 cubuiffi’
541 1285 613 1339 nfi
619 1285 754 1329 humili
767 1310 780 1331 ‚
789 1286 837 1332 ό·
849 1285 1117 1329 modicmrato
1125 1302 1138 1329 .-
1162 1287 1266 1329 veste
1275 1301 1350 1330 non
1360 1288 1435 1329 alia
1446 1303 1557 1342 quam
1571 1288 1743 1331 domefli..

127 1358 172 1388 ca
183 1344 273 1402 vfin
282 1344 338 1386 esi
349 1375 360 1391 ,
376 1344 424 1385 ab
434 1356 563 1384 vxor-e
576 1366 588 1389 2
598 1341 747 1395 furore,
758 1343 872 1399 filia,
883 1343 1147 1399 nepotibusque
1159 1343 1319 1397 conseHa
1329 1373 1339 1382 .
1365 1346 1428 1386 De
1444 1347 1744 1401 Epaminonda,

129 1402 225 1445 illud
235 1403 449 1458 proditum:
463 1403 573 1442 Vnica
587 1400 690 1441 vene
701 1410 887 1441 contentus
895 1430 905 1445 ‚
918 1400 1154 1455 sed-quando
1165 1401 1355 1442 vetustate
1364 1402 1556 1458 collapsam
1569 1402 1747 1459 ressrcire

125 1471 215 1512 opus
229 1458 471 1514 sinendum
480 1455 856 1511 claeufiamsitenebatt
877 1458 939 1502 De
952 1460 1100 1503 Seuero
1120 1460 1370 1515 Spartianus:
1402 1460 1499 1500 Tam
1521 1463 1746 1512 exiguisve-

109 1515 231 1569 stibus
239 1516 329 1572 vflis
344 1516 415 1561 eff,
444 1524 496 1556 vt
508 1517 587 1558 vix
599 1516 725 1557 tunica
739 1518 815 1555 eius
823 1514 970 1569 aliquid
977 1526 1151 1569 purpura
1162 1515 1336 1562 haberet,
1347 1528 1428 1556 cum
1439 1515 1542 1558 hirta
1556 1516 1745 1572 chlamyde

121 1573 293 1615 humeros
303 1574 451 1614 vetaret
461 1600 471 1611 .
498 1574 559 1613 De
574 1571 721 1614 Tacito
736 1575 831 1627 lmp.
846 1570 1040 1626 Vopiscus
1057 1587 1066 1613 :
1097 1572 1134 1613 T
1135 1575 1208 1625 ogis
1221 1572 1269 1617 (ἂι
1283 1575 1415 1613 tunicis
1427 1572 1554 1629 ijfiiem
1575 1571 1620 1618 cll
1632 1575 1742 1630 vstis,

120 1630 257 1687 quihus
263 1634 457 1684 priuatum
484 1630 532 1672 (9-
542 1641 706 1670 vxor-em
716 1631 866 1681 gemmis
878 1632 942 1668 vti
952 1642 1026 1674 non
1038 1627 1217 1687 eflpaffics
1226 1661 1236 1671 .
1264 1632 1312 1671 Et
1335 1633 1372 1670 in
1379 1628 1433 1671 fra
1445 1644 1456 1671 :
1477 1632 1524 1669 H
1525 1629 1735 1684 olosericam

116 1686 262 1729 vestem
271 1690 369 1728 viris
380 1686 546 1728 omnibus
559 1685 781 1728 interdzxit.
814 1686 1054 1741 Idemquein
1071 1685 1290 1727 Aureliano
1304 1699 1318 1725 .·
1346 1683 1473 1736 Vssem
1493 1686 1734 1742 holosericam

121 1757 241 1800 neque
250 1744 326 1801 ips?
335 1748 374 1785 in
382 1741 874 1800 vestiariofieohabuitmeffl
888 1742 998 1783 alteri
1009 1742 1187 1787 vtendam
1199 1741 1311 1783 dedit.
1333 1745 1391 1785 Ita
1408 1741 1503 1787 fere,
1516 1757 1597 1798 quo
1611 1744 1698 1800 quis
1696 1760 1734 1801 (μ

121 1803 268 1856 maior,
296 1801 555 1858 prudentior,
576 1803 786 1847 maturior,
797 1799 931 1844 hocin
942 1798 1043 1843 veste
1060 1799 1303 1846 moderatior
1316 1799 1369 1841 est
1384 1813 1394 1840 ε
1409 1813 1544 1856 magna
1560 1807 1735 1844 etenim⁴

51 1869 104 1924 c
117 1863 275 1916 magnis,
290 1860 427 1901 tenuia
441 1858 622 1900 tenuibus
634 1870 891 1913 occupantur
910 1890 920 1899 .

176 1918 271 1960 scio
283 1924 365 1958 non
377 1912 537 1957 defuiffe
552 1916 680 1970 Reges
692 1930 737 1957 ac
753 1918 955 1971 Principes
967 1946 977 1960 ,
997 1916 1064 1971 qui
1084 1917 1222 1971 Regna
1233 1928 1362 1972 prope
1378 1914 1544 1956 vestibus
1563 1919 1734 1958 circum-

115 1974 285 2019 ferrent.
312 1972 581 2020 nectarius,
607 1986 689 2028 quo
716 1974 867 2014 suorum
892 1977 931 2013 in
952 1972 988 2014 se
1004 1975 1290 2015 venerationem
1304 1974 1547 2017 excitare-nu
1567 1974 1732 2015 deerant

120 2037 309 2077 virtutes,
330 2044 419 2086 quae
431 2029 724 2073 admirationem
739 2030 956 2074 elicerent;
980 2030 1145 2070 deerant
1155 2027 1254 2072 fasta
1279 2027 1421 2070 fortia,
1443 2041 1531 2083 quae
1551 2029 1735 2072 laudem..—

120 2099 396 2147 prouocarent
409 2101 420 2132 ς
436 2087 576 2129 deerat
586 2085 795 2140 prudentia
805 2110 817 2130 ‚
835 2101 912 2140 qua
926 2090 964 2128 in
979 2100 1147 2128 amorem
1160 2096 1365 2141 rape1⁴ent3
1384 2084 1517 2127 deerat
1528 2092 1705 2142 potentia
1717 2119 1730 2133 ,

121 2161 201 2204 qua
216 2150 451 2188 timerentur
462 2145 502 2188 :a
513 2142 676 2185 vestium
693 2143 901 2198 magnifico
915 2141 1147 2199 splendore,
1165 2144 1214 2185 ab
1227 2157 1322 2184 auro
1335 2144 1376 2183 δε
1394 2147 1548 2199 gemmis
1562 2156 1713 2186 mutua·

121 2219 165 2247 re
174 2204 262 2245 haec
277 2201 507 2248 voluerunt,
525 2201 568 2242 &
582 2200 726 2245 illarum
740 2203 847 2246 luce,
859 2214 905 2243 ac
917 2201 1062 2257 opibus
1076 2199 1226 2243 suorum
1244 2200 1488 2255 aliorumque
1501 2204 1645 2242 animos
1662 2203 1729 2244 ad-

122 2258 398 2304 mirabundos,
410 2259 452 2300 &
464 2257 761 2300 venerabundos
774 2270 926 2304 tenere3
949 2262 1003 2301 ita
1014 2256 1094 2299 fere
1106 2258 1277 2301 imbellia
1291 2255 1431 2298 fortius
1448 2272 1653 2302 armamus,
1671 2264 1730 2301 in-

121 2316 280 2361 aenusta
291 2314 479 2372 augustius
497 2329 676 2357 ornamus
689 2339 700 2360 ‚
717 2317 754 2356 in
762 2315 885 2371 fipida
899 2315 1049 2357 densius
1063 2316 1312 2357 dulcoramus
1329 2328 1341 2355 .·
1361 2325 1400 2356 at
1414 2328 1500 2370 quae
1514 2317 1729 2359 decorem„

122 2374 217 2419 exse
233 2373 401 2417 liabent,
416 2371 551 2415 frustra
567 2372 616 2413 ab
631 2374 716 2424 alijs
729 2384 974 2417 mutuantur,
992 2375 1256 2430 nequidquam
1271 2372 1403 2427 sapida
1423 2373 1507 2413 haec
1521 2373 1726 2416 dulcorem

122 2436 324 2488 recipiunt
337 2430 387 2472 ab
401 2429 495 2482 alijs:
507 2427 623 2472 fortia
637 2432 736 2471 vires
747 2445 825 2471 non
837 2429 986 2473 sumunt
998 2430 1047 2471 ab
1063 2430 1160 2483 alijs,
1171 2431 1388 2472 domestico
1403 2428 1569 2475 decore,
1588 2431 1727 2472 dulco-

124 2506 191 2534 re,
211 2488 355 2530 viribus
366 2489 542 2545 propriis
556 2497 761 2529 contenta.
783 2489 952 2530 Romani
963 2487 1050 2531 sane
1064 2501 1213 2530 veteres
1227 2512 1240 2532 2
1253 2489 1295 2529 ἃ
1311 2490 1332 2528 a
1345 2487 1483 2542 quibus
1497 2492 1619 2527 omnis
1629 2487 1722 2529 huie

128 2547 265 2590 nostrae
281 2545 382 2588 Vrbi
394 2544 516 2601 gloria
532 2542 730 2600 proceffit2
745 2544 1013 2588 modestiffime
1024 2545 1305 2590 induebantur;
1317 2546 1441 2585 tenuit
1452 2543 1519 2586 hic
1532 2545 1669 2585 modus
1682 2549 1724 2587 in

133 2603 344 2659 Augustum
357 2602 494 2658 vsque5
505 2601 595 2642 inde
607 2601 762 2642 vestium
779 2602 890 2643 luxus
899 2618 911 2649 ;
925 2603 968 2644 &
978 2607 1014 2644 in
1031 2602 1096 2643 illo
1112 2601 1359 2656 Reipublicae
1375 2600 1476 2642 illius
1491 2606 1725 2657 magn-‘erui-

133 2675 184 2702 na
193 2663 361 2702 deuenit.
375 2660 415 2701 N
423 2663 650 2701 azianzenus
662 2657 761 2699 bene
774 2673 788 2699 .·
799 2662 882 2699 Nos
895 2659 1059 2700 mollibus
1069 2658 1118 2702 ἐφ’
1129 2656 1453 2712 circumfluentibus
1465 2656 1619 2710 vestibus
1626 2671 1718 2712 pan.

48 2696 101 2753 D
130 2717 257 2773 nistque
268 2731 319 2758 ex
329 2714 526 2771 tenuiffimo
537 2716 630 2761 lino,
662 2715 710 2759 ὁ
722 2715 840 2771 firico
854 2719 1035 2758 contextis
1048 2716 1281 2760 deliciamur,
1311 2719 1352 2755 in
1376 2714 1508 2770 quibus
1524 2718 1720 2769 ineptimus

124 2778 248 2829 potius
261 2796 272 2818 ‚
287 2787 398 2829 quam
403 2773 628 2829 splendorem
642 2773 744 2814 nobis
758 2773 986 2815 conciliamus
998 2802 1007 2812 .
1023 2777 1068 2816 In
1081 2787 1233 2814 omnem
1249 2783 1397 2814 aetatem
1409 2773 1454 2814 &
1465 2771 1640 2814 saeculum
1659 2775 1720 2813 di-

129 2833 207 2874 xit:
235 2833 421 2888 proprius
431 2833 544 2872 etiam
557 2833 595 2871 in
612 2829 776 2872 nostram
797 2829 900 2871 hanc
922 2842 1072 2873 aetatem
1096 2830 1137 2872 id
1158 2827 1417 2874 afferendum,
1437 2833 1475 2871 in
1500 2844 1576 2885 qua
1599 2830 1723 2871 nullus

131 2889 345 2943 opulentiae
370 2889 507 2931 modus
522 2916 533 2933 ‚
556 2887 658 2930 nulla
673 2888 902 2944 dignitatum
925 2888 946 2931 a
969 2887 1070 2932 veste
1095 2886 1314 2932 discrimina
1326 2910 1338 2933 ι
1356 2886 1463 2931 nulla
1482 2900 1717 2929 annorum...¹

126 2946 226 2991 Haec
243 2944 331 2990 fatis
343 2978 354 2988 .

1596 3289 1665 3330 De
