2206 3480
342 92 470 144 DE
550 91 1582 146 GLADIATORKBVS.
1668 117 1770 157 207

83 180 129 235 A
172 188 368 224 reiterant,
380 182 493 221 armis
505 178 635 235 quibus
651 189 738 219 tunc
751 208 761 224 ,
780 178 827 222 ἐν
843 178 1003 233 qualiter
1007 187 1182 231 poterant
1193 178 1364 223 eruditos,
1376 192 1468 219 mox
1480 181 1596 222 edim
1611 181 1669 220 die
1681 185 1719 221 in
1739 198 1774 223 e.

174 242 317 280 riarum
330 238 433 294 apud
444 238 598 278 tumulos
609 236 806 290 erogabant
816 266 825 276 .
839 237 894 276 Et
910 238 1063 277 Seruius
1075 235 1126 277 ad
1137 235 1216 277 hoc
1231 235 1382 290 Virgilii
1396 251 1404 278 :
1420 235 1580 277 Viuentes
1599 242 1700 290 rapit
1713 243 1774 278 iu-¹

158 295 303 348 serias,
316 308 406 350 quos
421 295 577 335 immolet
598 293 760 337 vmbris,
785 294 936 348 inquit,
954 296 1152 334 moriserat
1172 296 1212 333 in
1232 292 1408 348 sepulcris
1422 297 1591 335 virorum
1607 293 1771 345 fortium

173 355 335 406 captiuos
347 355 491 396 necari,
503 351 605 406 quod
604 348 802 404 poflquam
813 348 953 388 crudele
964 349 1085 403 vistim
1095 349 1159 394 esi,
1172 351 1313 402 placuit
1319 350 1539 402 gladiatores
1549 352 1651 406 apud
1651 351 1777 406 βριά-

175 424 238 451 cra
248 410 423 450 dimicare
433 438 443 453 ‚
464 412 531 463 qui
538 408 563 446 d
576 405 673 447 bufli
682 405 859 446 cineribus
866 405 1057 459 Rufiuarg'j
1067 406 1157 446 dieii
1171 438 1179 446 .

235 467 298 507 De
313 467 449 507 Primis
463 463 621 519 publice
645 461 942 502 Gladiatoribus
957 462 1095 502 Romae
1124 461 1244 503 refert
1266 463 1446 505 Valerius
1467 465 1575 506 Max.
1586 465 1777 507 Gladiato-
1835 470 1919 513 peim:
1939 471 2015 495 Ῥ

177 526 275 563 rium
287 533 415 564 munus
418 524 579 574 primum
590 522 712 561 Romae
724 518 851 559 datum
863 515 1059 568 eflinfhro
1074 521 1206 567 Boario
1220 525 1287 571 Ap.
1302 521 1455 560 Claudio
1466 545 1476 563 ‚
1501 522 1547 564 ὠ
1562 527 1628 562 M.
1647 525 1774 564 Fuluio
1786 508 1897 544 ἕψω
1907 517 1944 535 '⁹³‘
1959 532 1961 535 “

173 579 268 633 Coſs.
281 579 458 619 dederunt
474 581 541 618 M.
555 577 599 622 ὁ»
609 579 655 616 D.
666 579 791 620 Bruti,
802 574 961 626 fiinebri
977 578 1149 615 memoria
1162 579 1282 615 Patris
1294 580 1426 615 cineres
1439 577 1650 618 honorando
1665 592 1676 614 .·
1696 583 1776 621 Εε-

177 635 320 676 derunt
330 634 416 677 haec
429 649 587 676 munera
602 631 787 675 Consules
801 656 812 675 ,
826 635 1034 675 proceres,
1049 634 1090 672 ἀ
1105 635 1229 686 impp.
1243 646 1334 672 mox
1354 638 1466 673 etiam
1484 639 1622 686 priuati
1637 639 1771 677 eadem

174 693 388 735 ediderunt
403 727 412 737 .
438 691 600 733 Tertull.
615 694 758 746 inquit:
789 692 1022 730 Priuatorum
1044 690 1225 744 memoriss
1245 690 1425 741 legatariae
1450 691 1619 730 editiones
1638 706 1771 742 *varen*

171 759 260 790 rant
274 779 284 788 .
313 753 464 792 Seneca
476 750 526 790 de
542 749 739 790 Breuitate
753 749 840 788 vitae
853 760 866 786 :
895 745 1066 799 ⁴²Quidam
1081 744 1393 800 disponuntetiam
1404 746 1468 786 illa
1479 776 1488 789 ,
1503 761 1581 801 quae
1593 749 1697 788 vltra
1710 754 1772 788 vi-

171 815 250 848 tam
269 805 363 862 fiant
373 830 387 851 2
409 806 515 848 moles
529 817 686 859 magnas,
687 803 937 860 sepulcrorum
952 803 999 847 (θ’
1008 813 1154 856 operum
1158 802 1388 855 publicorum
1401 803 1653 848 dedicationes,
1671 806 1716 848 <a
1725 807 1777 847 ad

171 876 298 917 rogum
313 865 485 908 munera,
499 860 762 916 &ambitiosas
783 863 977 916 exequias.
1002 861 1102 910 Quae
1123 874 1279 902 munera
1301 859 1350 900 ad
1363 874 1495 916 rogum
1514 861 1766 904 Gladiatores

172 914 279 965 funt,
307 931 348 961 vt
371 919 493 961 voluit
503 918 654 974 Liplius
665 949 675 964 ,
698 921 816 960 etiam'
829 917 933 973 apud
947 918 1097 959 Iudaeos
1108 932 1188 959 mos
1204 917 1289 958 talis
1300 915 1391 962 fuit,
1422 929 1463 958 vt
1488 917 1603 958 refert
1617 918 1766 974 loseph.

173 975 478 1028 l.19.Herodem
494 979 532 1017 in
546 976 726 1017 omnibus
740 976 840 1029 pene
853 976 1014 1031 oppidis
1024 975 1180 1017 theatra
1194 976 1236 1015 ὃς
1247 973 1530 1028 amphitheatra
1543 975 1774 1017 construxis-

115 1011 154 1061 B
173 1031 209 1074 se
223 1063 232 1073 .
268 1035 357 1076 Nec
371 1035 393 1076 a
406 1034 580 1090 Regibus
595 1034 638 1074 &
653 1032 881 1079 praesidibus
894 1033 933 1073 in
948 1032 1126 1082 Colonijs
1138 1061 1149 1077 ,
1175 1045 1306 1074 verum
1323 1032 1364 1071 ὃ(
1391 1032 1411 1071 ὲ
1436 1035 1596 1086 priuatis
1609 1033 1770 1074 homini·

176 1090 248 1132 bns
264 1091 362 1132 editi
377 1091 627 1133 Gladiatores
640 1120 651 1136 ,
670 1090 722 1131 fic
747 1089 851 1144 apud
874 1089 1080 1144 Apuleium
1090 1089 1200 1137 liba,
1218 1091 1256 1130 in
1276 1086 1488 1129 Platearum
1505 1091 1676 1132 Ciuitate
1691 1093 1774 1133 De·

175 1149 383 1189 mochares
395 1147 550 1203 quidam
563 1178 573 1193 ‚
595 1151 746 1188 Munus
757 1146 1026 1187 Gladiatorium
1040 1147 1223 1189 editurus,
1249 1158 1377 1197 genere
1391 1148 1596 1198 primarius
1615 1151 1699 1192 vir,
1723 1149 1772 1192 &-

178 1204 305 1258 opibus
317 1206 488 1258 pluribus
498 1235 508 1251 ,
523 1205 570 1249 ἐφ
585 1204 806 1244 liberalitate
814 1206 1018 1256 precipuus
1026 1203 1153 1255 dignus
1158 1201 1327 1257 fhrtzmce
1331 1202 1410 1255 suae
1429 1202 1641 1258 splendore,
1645 1205 1773 1263 publi-

180 1275 239 1302 cas
249 1262 458 1315 voluptates
471 1260 696 1303 inflruebat.
713 1263 775 1302 Sic
789 1260 897 1314 apud
910 1260 1130 1301 Martialem
1143 1259 1274 1301 nescio
1290 1264 1373 1318 quis
1387 1261 1525 1305 Cerdo
1537 1293 1546 1306 ,

345 1322 424 1362 Das
440 1319 660 1372 gladiatores
678 1317 849 1372 sutorum
860 1316 978 1369 regule
989 1317 1135 1370 'Cerdoz

402 1375 594 1433 Qodque
606 1374 676 1416 tibi
684 1374 814 1415 tribuit
829 1372 965 1428 stibula
978 1396 990 1417 ς
999 1374 1078 1428 sica
1089 1377 1191 1427 rapit
1203 1406 1213 1415 .

228 1433 392 1475 Nullum
407 1433 553 1473 Bellum
570 1441 714 1473 tantam
726 1430 879 1471 cladem
893 1430 1023 1472 intulit
1035 1445 1080 1471 vn
1088 1445 1200 1485 quam
1210 1431 1379 1474 humano
1392 1437 1523 1488 generi
1536 1450 1647 1490 quam
1658 1436 1717 1477 isti
1736 1452 1776 1477 e-
1808 1440 1970 1485 Giufi-{uret

182 1548 382 1590 diatorum
395 1548 610 1589 editiones:
643 1548 782 1585 etenim
806 1543 895 1599 post
909 1543 1003 1585 alios
1023 1546 1207 1586 Tiberius
1222 1546 1363 1588 firmius
1385 1561 1534 1589 certum
1552 1564 1778 1592 numerum...

176 1603 415 1663 praescripfit
425 1633 435 1649 ‚
448 1613 491 1645 vt
505 1603 621 1644 refert
630 1601 878 1657 Tranquillus
893 1614 980 1657 cap.
985 1615 1051 1656 34.
1062 1603 1243 1645 Ludorum
1254 1603 1299 1647 εἰ)
1314 1610 1500 1646 munerum
1510 1610 1629 1660 impen
1648 1608 1685 1647 iis
1700 1622 1777 1648 cor-

176 1665 293 1716 ripuit
303 1692 313 1707 ,
339 1660 559 1702 mercedibus
574 1660 798 1716 fienicorum
812 1658 925 1712 recifis
935 1681 945 1702 ι
957 1659 1185 1714 paribusque
1193 1660 1440 1712 gladiatorum
1452 1663 1504 1702 ad
1509 1674 1643 1704 certum
1651 1678 1777 1704 nume.

170 1734 254 1760 rum
265 1720 420 1763 redaiiis
432 1752 441 1760 .
460 1717 526 1762 Ad
541 1718 621 1758 hoc
634 1716 801 1757 edietum
820 1714 989 1771 respexit
1001 1717 1167 1758 Tacitus
1197 1717 1283 1758 lib.1
1293 1732 1329 1772 3.
1343 1719 1482 1760 Annal.
1493 1719 1546 1760 ibi
1560 1735 1573 1759 .·
1602 1724 1647 1761 N
1649 1735 1694 1760 on
1716 1736 1775 1761 re-

157 1775 305 1830 firrem
326 1773 610 1832 vulgatiffi‘mum
627 1777 704 1815 S.C.
717 1787 788 1829 quo
799 1775 943 1814 ciuitati
961 1773 1263 1833 Syracusanorum
1277 1776 1397 1828 egredi
1424 1789 1615 1818 numerum
1629 1779 1774 1819 edendis

173 1833 441 1889 gladiatoribus
457 1832 617 1890 finitum
627 1861 637 1876 ,
656 1829 935 1876 concedebatur3
947 1829 1015 1873 nifi
1024 1854 1036 1875 ,
1061 1832 1141 1872 &c-
1153 1833 1344 1875 Praeterea
1368 1831 1471 1875 idem
1498 1834 1682 1875 Tiberius
1702 1835 1775 1876 sta-

172 1895 246 1934 tuit
257 1915 269 1936 ,
290 1906 309 1932 e
316 1904 340 1932 x
350 1891 503 1932 Tacito
520 1888 629 1941 lib.4.
644 1891 709 1931 Ne
718 1890 799 1944 quis
822 1888 1084 1940 gladiatorium
1094 1902 1223 1930 munus
1231 1889 1370 1933 ederet,
1393 1893 1450 1930 cui
1467 1894 1587 1931 minor
1595 1892 1773 1945 quadrin-

166 1958 359 2005 gentorum
374 1947 530 1989 millium
539 1959 595 1988 res
605 1978 614 1987 .
632 1947 815 2001 Denique
826 1943 1043 1989 huiusmodi
1055 1943 1361 2001 spectaculorum
1376 1944 1543 1988 sublatio
1557 1949 1606 1987 ad
1621 1946 1772 1989 laudem

172 2008 306 2061 Magni
317 2005 566 2048 Constantini
579 2004 701 2045 relata
720 2006 741 2043 ἐ
761 2013 860 2048 toto.
871 2003 1167 2047 orbeRomano
1182 2017 1285 2044 anno
1296 2002 1345 2042 ab
1359 2004 1465 2045 V.C.
1481 2002 1580 2044 mille
1597 2004 1641 2045 &
1667 2003 1769 2046 sexa-

171 2065 235 2120 gin
242 2061 438 2118 taseptern‚
450 2062 553 2117 pene
563 2060 879 2101 sexcentis-annis
887 2058 978 2114 post
992 2075 1037 2101 ea
1052 2059 1243 2103 instituta,
1256 2069 1298 2099 vt
1310 2056 1430 2100 refert
1443 2061 1646 2103 Sozomen.
1658 2060 1725 2101 lib.
1736 2077 1749 2103 1
1760 2095 1769 2103 .

175 2122 220 2162 ὃ(
236 2118 373 2161 Euseb.
386 2118 495 2168 lib.4.
510 2117 560 2158 de
573 2119 669 2160 Vita
683 2115 942 2157 Constantini:
955 2117 1075 2158 Vetuit
1083 2116 1194 2158 Idolis
1195 2113 1405 2171 sacrificari
1416 2141 1428 2162 ,
1440 2120 1564 2157 vetuit
1574 2113 1768 2160 Gladiato.

173 2190 254 2218 rtem
266 2175 416 2218 cedibus
425 2175 543 2229 pollui
553 2173 673 2215 Vrbes.
691 2174 796 2224 Quin
809 2177 920 2214 etiam
933 2187 1035 2216 nunc
1046 2172 1185 2215 inserta
1194 2180 1231 2214 in
1245 2171 1401 2214 Codice
1412 2173 1606 2215 Iustiniani
1619 2174 1686 2217 lib.
1706 2190 1719 2217 1
1733 2190 1767 2219 1.

173 2238 231 2275 tio
247 2247 274 2282 4
279 2249 315 2287 3.
331 2233 393 2275 illa
405 2234 480 2274 lex.
492 2235 654 2274 Cruenta
650 2229 860 2287 spefiacula
870 2234 911 2271 in
919 2233 992 2271 otio
1003 2231 1116 2277 ciuili,
1130 2230 1178 2276 ὀ·
1185 2228 1378 2272 domestica
1388 2232 1508 2286 quiete
1517 2245 1590 2272 non
1598 2232 1746 2285 placent.
1756 2262 1767 2279 ‚

174 2298 401 2348 quapropter
411 2291 557 2330 omnino
559 2288 780 2341 gladiatores
789 2286 849 2340 esse
855 2287 1092 2341 prohibemus
1105 2320 1114 2329 .
1329 2313 1331 2317 ν

230 2344 471 2403 Et—quamuis
485 2345 761 2390 Constantius3
784 2343 1028 2387 Theodofius
1041 2375 1051 2391 ,
1069 2359 1114 2387 ac
1129 2344 1428 2392 Valentinianus
1440 2348 1577 2389 iterum
1591 2346 1771 2401 permise-

172 2408 251 2447 rint
265 2428 277 2449 2
305 2403 480 2446 substulit
490 2414 616 2445 tamen
642 2405 681 2445 in
701 2412 827 2444 totum
840 2403 1050 2444 Honorius
1075 2402 1283 2445 occasione
1296 2402 1523 2446 Telemachi
1545 2403 1768 2445 cuiusdam-2

172 2469 263 2504 mon
270 2462 376 2507 achi,
403 2462 472 2518 qui
486 2460 719 2518 gladiatores
729 2463 867 2502 Romae
880 2471 1097 2516 pugnantes
1107 2483 1119 2505 2
1141 2462 1211 2516 pio
1223 2460 1365 2503 ardore
1376 2461 1562 2503 diducere
1580 2471 1742 2501 conatus
1754 2490 1764 2505 ‚

176 2521 197 2561 ia
207 2524 363 2575 populo
374 2518 570 2574 lapidibus
583 2518 746 2559 obrutus
755 2516 981 2564 fuine-efen
994 2517 1276 2561 Theodoretus
1286 2517 1351 2559 lib.
1359 2531 1392 2568 ς.
1404 2517 1532 2558 histor.
1546 2517 1715 2560 Ecclefia
1724 2516 1765 2559 st.

173 2580 332 2631 cap.26.
345 2577 389 2618 δε
404 2573 624 2618 Caffiodor·
637 2579 674 2615 in
690 2573 1011 2629 Tripart.lib.1o.
1023 2589 1136 2631 cap.1
1150 2589 1182 2617 1.
1198 2585 1240 2615 vt
1252 2578 1365 2616 etiam
1383 2574 1615 2615 Prudentius
1628 2573 1763 2617 lib.vlt.

173 2643 314 2674 contra
330 2632 548 2690 symmach.
564 2645 705 2688 preces
727 2626 950 2690 interponit
980 2632 1030 2673 ad
1048 2631 1170 2687 ipsum
1190 2632 1414 2673 Honorium
1427 2645 1503 2687 pro
1515 2629 1692 2674 tollendo
1705 2630 1762 2675 his

84 2679 140 2732 D
173 2688 342 2731 versibus
354 2721 365 2732 .
881 2704 883 2706 ’
1082 2704 1085 2705 ’

397 2746 518 2806 Qud
522 2760 633 2803 genus
642 2756 690 2786 vt
701 2746 842 2799 sieleris
857 2747 931 2786 iam
945 2744 1083 2801 nefiiat
1099 2758 1212 2785 aurea
1226 2747 1342 2787 Roma
1386 2783 1389 2785 .

340 2810 342 2812 ’
397 2807 436 2843 T
437 2819 456 2843 e
470 2815 597 2857 precor
608 2803 762 2859 Ausonis
772 2806 868 2844 Dux
881 2800 1119 2858 auguflifflme
1131 2805 1250 2855 regni:

399 2862 528 2902 Etiam
541 2860 638 2911 trsse
653 2861 803 2916 sacrum
816 2860 940 2901 iubeas
951 2884 962 2905 ‚
974 2870 1022 2900 vt
1031 2869 1158 2904 catera
1173 2859 1254 2901 tolli
1268 2887 1278 2900 .

170 2913 349 2961 Etinfra.
483 2916 533 2951 '.'
574 2931 589 2937 ·’
732 2917 796 2952 ἷ·τ
845 2947 848 2951 -

173 2994 177 2997 -
197 2983 198 2986 ’
243 3002 246 3004 -
266 2987 271 3006 2
300 2983 311 3003 -“
342 2982 352 3005 ’-
383 2976 599 3016 fumum:
606 2974 816 3028 miserorum
829 2973 1016 3015 hominum
1020 2973 1216 3028 prohibeto
1229 2975 1337 3015 litare
1347 3005 1357 3016 .

391 3031 529 3076 Nullus
540 3034 581 3072 in
597 3030 687 3071 Vrbe
698 3031 807 3071 cadat
817 3060 828 3075 ‚
848 3034 946 3071 cuius
970 3031 1013 3086 [it
1024 3043 1132 3084 poena
1145 3031 1321 3085 voluptas
1331 3063 1341 3073 .

389 3092 472 3132 Iam
490 3087 580 3143 solis
600 3096 766 3128 contenta
774 3085 874 3139 fixis
886 3085 1035 3138 itifamis
1051 3102 1166 3129 arena

387 3146 508 3187 Nulla
523 3146 718 3186 cruentatis
728 3143 925 3184 homicidia
941 3143 1045 3185 ludat
1054 3148 1095 3187 in
1104 3147 1218 3186 armis
1231 3179 1241 3188 .

1159 3261 1196 3301 C
1205 3273 1230 3301 c
1290 3272 1316 3302 2
1545 3259 1703 3303 Tertull.

1984 1442 2014 1468 ii.

185 1493 276 1534 tiam
290 1490 339 1533 ad
356 1488 601 1546 voluptatem
626 1488 730 1529 ludi:
756 1491 887 1542 itaque
909 1487 1010 1542 leges
1035 1490 1294 1542 promulgatae
1314 1492 1362 1531 ad
1376 1493 1663 1546 reprimendam
1681 1495 1777 1534 Gla·
1790 1481 2016 1548 :wasia

215 3201 411 3246 Condicio
428 3214 493 3245 aut
504 3216 626 3262 genus
640 3200 858 3244 huiusmodi
875 3199 1116 3262 Gladiatorii
1126 3203 1239 3259 quale
1249 3201 1368 3243 fuerit
1383 3200 1429 3259 ἓξ
1445 3199 1559 3245 seruis
1568 3200 1760 3260 plerumq;
1781 3184 2006 3255 gssfff⁰g²³d‘'³'
