2206 3480
290 63 625 117 DOCTRIN
633 61 673 115 A
688 62 774 116 ET
795 59 1081 116 ARTIVM
1094 60 1288 114 CVRA
1313 59 1503 114 APVD
1519 61 1695 115 ROM.
1745 85 1761 117 1
1775 87 1844 128 49

160 166 203 218 A
239 161 396 260 Virtuze
408 160 655 216 praestantior
671 159 787 206 effet;
817 174 891 202 nec
911 159 987 202 vllo
999 160 1178 204 natalium
1191 190 1201 206 ‚
1225 160 1287 203 seu
1311 163 1369 203 rei
1392 160 1549 203 alterius
1571 163 1610 203 in
1630 162 1705 206 hac
1720 166 1859 210 discri-

239 222 341 262 mine
388 220 498 260 abito
518 251 528 261 .

243 335 585 416 Docirina
604 353 664 416 ὅ(
688 335 906 415 animi
924 335 1152 416 cultus
1172 365 1185 413 ε
1208 366 1296 416 ac
1313 339 1530 416 etiam
1555 336 1852 437 Metha-

373 449 751 531 nicharum
789 452 1085 526 Artium
1128 478 1294 527 cura
1330 453 1525 558 apud
1561 451 1725 530 Ro-

540 590 834 643 manos.
935 562 1121 672 Cap.
1186 561 1545 645 XXVII.

357 734 395 775 0
412 733 450 773 N
468 731 891 774 moralessolummodo
903 732 1083 773 Virtutes·
1091 727 1210 786 prisci
1223 732 1392 774 Romani
1409 735 1641 786 appetiuere
1655 758 1667 778 ‚
1689 749 1855 778 verum..

389 791 431 831 &
446 789 654 836 doctrinis,
673 788 1182 840 seuscientijsstuduerunt:
1208 797 1326 844 atque
1339 788 1440 830 adeo
1460 791 1658 833 acondita
1678 791 1758 846 ipsa
1776 795 1849 835 Vr-

230 851 283 888 be
299 854 341 888 ici
362 851 499 891 Romae
513 850 635 902 viguit
652 876 662 891 ,
693 847 754 888 vel
770 848 1004 903 potius'jante
1017 861 1098 888 eam
1110 873 1123 892 ‚
1153 857 1196 886 vt
1221 845 1391 887 referant
1412 847 1545 903 Diony
1557 848 1632 889 fius
1645 851 1687 890 ὃ(
1702 850 1851 890 Plutar-

233 906 355 947 chus.-
384 905 579 947 Romulum
590 933 600 949 ‚
614 904 662 947 ὠ·
674 906 827 945 Remum
842 905 992 950 litteris,
1013 905 1061 948 ὠ·
1080 907 1179 944 omni
1188 903 1334 944 liberali
1345 904 1515 945 doHrina
1529 904 1707 955 institutos
1719 906 1851 962 Gabijs

220 961 357 1020 fhiss'e.
390 965 488 1004 Nam
505 961 721 1017 expolitum
737 963 948 1007 Romulum
959 992 969 1007 ‚
983 963 1026 1003 &
1039 961 1244 1017 sequentes
1257 965 1351 1002 item
1366 963 1495 1016 Reges
1508 961 1617 1003 fuisse
1633 994 1642 1008 ‚
1671 966 1712 1005 ὅ(
1727 964 1848 1005 multa

171 1000 210 1051 B
235 1019 646 1065 Graecanicainstituta
658 1023 695 1061 in
711 1020 883 1061 moribus
897 1018 1137 1076 comparasse
1151 1018 1394 1059 credendum
1407 1021 1483 1064 est;
1507 1021 1611 1062 adeo
1621 1036 1750 1062 verum
1769 1022 1844 1066 est,

230 1092 273 1122 vt
285 1076 366 1135 ipsa
380 1079 532 1119 Graecia
544 1081 582 1117 in
595 1092 766 1133 magnam
783 1077 899 1119 ltaliae
911 1089 1062 1133 partem
1079 1101 1092 1121 2
1115 1080 1179 1118 cui
1193 1077 1236 1117 &
1248 1090 1390 1117 nomen
1401 1077 1557 1133 reliquit
1568 1102 1578 1122 ‚
1596 1077 1712 1119 fuerit
1726 1077 1845 1120 trans-

229 1134 307 1179 fusa
322 1169 330 1178 .
360 1135 577 1179 Exoleuiffe
592 1145 719 1176 tamen
733 1136 818 1176 haec
831 1136 1021 1192 paulatim
1034 1133 1151 1190 vsque
1169 1135 1218 1175 ad
1234 1134 1375 1175 bellum
1391 1136 1578 1176 Punicum
1600 1134 1843 1177 secundum..

229 1209 334 1238 raras
347 1199 505 1240 Romae,
522 1191 582 1232 vel
592 1192 800 1248 elegantias
815 1223 827 1238 ,
847 1193 909 1234 vel
921 1194 1071 1234 litteras
1088 1204 1184 1232 tunc
1199 1191 1326 1238 fuiffe3
1351 1197 1535 1248 quoniam
1548 1195 1653 1234 Mars
1665 1218 1676 1237 2
1694 1195 1736 1234 ὃ(
1751 1194 1847 1234 hor-

228 1254 317 1296 rida
331 1257 448 1293 virtus
461 1254 589 1291 omnia
599 1251 838 1291 obtinebant
850 1279 859 1288 .
888 1253 1020 1304 Capta
1035 1250 1125 1291 dein
1138 1248 1215 1301 ipsa
1230 1252 1400 1294 Graecia,
1421 1253 1589 1293 vistores
1600 1256 1737 1292 iterum
1749 1252 1837 1292 illa„

228 1313 361 1365 cepit,
374 1307 592 1350 &feliciter
605 1318 708 1348 artes
722 1304 801 1348 suas
813 1308 946 1348 intulit
959 1332 972 1352 ,
997 1309 1040 1348 &
1060 1305 1218 1348 diffudit
1232 1340 1241 1347 .
1273 1309 1424 1362 Magno
1437 1309 1557 1364 gradu
1571 1321 1665 1350 tunc
1679 1314 1771 1350 itum
1785 1310 1836 1349 ad

227 1371 371 1410 variam
387 1366 607 1406 dostrinam
620 1389 631 1408 2
655 1366 698 1405 &
711 1366 873 1406 maxime
888 1365 937 1406 ad
950 1364 1212 1421 eloquentiam
1225 1388 1236 1408 ²
1259 1375 1301 1404 vt
1313 1379 1399 1420 quae
1410 1368 1623 1408 coniunsta
1635 1367 1751 1406 rebus
1771 1381 1839 1421 ge-

225 1425 379 1469 tendis,
393 1424 435 1463 &
448 1420 638 1478 aptiffima
649 1422 957 1476 gubernantibus
968 1422 1085 1463 effet:
1111 1435 1204 1462 mox
1227 1421 1389 1463 historia
1412 1421 1590 1465 succeffit
1607 1425 1649 1464 &
1666 1422 1839 1465 Philoso-

225 1483 321 1538 phia
333 1497 343 1527 ;
356 1481 412 1521 ibi
426 1479 760 1533 domicilialegum
777 1508 787 1524 ‚
817 1480 1012 1535 gymnasia
1027 1479 1240 1520 litterarum
1255 1501 1265 1522 2
1281 1483 1390 1521 curia
1401 1481 1628 1536 dignitatum
1644 1497 1653 1527 ;
1677 1483 1719 1522 δε
1731 1482 1845 1536 quid-

225 1541 324 1595 quid
336 1540 385 1580 ad
398 1539 545 1578 animos
557 1567 566 1582 ,
591 1534 794 1591 moresque
808 1536 1000 1577 colendos
1013 1565 1024 1581 ‚
1055 1549 1120 1578 aut
1137 1535 1300 1576 honeste
1317 1538 1577 1578 oblectandos
1589 1537 1718 1579 facere
1728 1538 1839 1578 vide-

224 1607 354 1638 retur:
378 1596 551 1648 quamuis
569 1608 648 1634 non
664 1608 797 1634 omnes
812 1592 968 1647 passim,
991 1607 1063 1635 nec
1077 1597 1185 1633 nimis
1201 1592 1249 1633 ad
1264 1607 1308 1632 ea
1324 1592 1358 1632 se
1372 1595 1511 1635 darent
1524 1624 1533 1638 ‚
1564 1594 1629 1635 sed
1644 1600 1832 1649 primates

222 1653 318 1696 fere,
335 1652 379 1693 &
392 1654 416 1702 ij
432 1655 617 1706 quierant
630 1654 669 1690 in
687 1649 927 1706 Republica,
939 1650 1001 1690 vel
1017 1651 1066 1690 ad
1085 1664 1166 1691 eam
1179 1649 1214 1690 se
1228 1664 1495 1705 praepararent
1511 1667 1520 1692 .·
1536 1665 1643 1695 exeo
1656 1657 1755 1693 enim
1771 1657 1845 1693 tri·

222 1711 471 1768 pliciordine
480 1709 592 1749 Plebs
604 1709 653 1749 ad
671 1708 847 1748 militiam
861 1706 1106 1763 adspirabat,
1133 1722 1261 1763 neque
1281 1708 1405 1750 studia
1421 1710 1464 1750 &
1480 1710 1594 1750 animi
1609 1712 1760 1750 cultum
1772 1709 1840 1750 ad-

222 1767 414 1810 sumebat:
447 1770 660 1808 Senatores
672 1765 712 1805 &
729 1768 886 1820 Equites
898 1765 1057 1806 modum
1073 1769 1189 1807 etiam
1207 1766 1386 1822 plerique
1399 1771 1435 1807 in
1449 1767 1584 1808 litteris
1598 1767 1804 1808 seruabant
1820 1781 1830 1810 ;

153 1837 201 1887 C
223 1838 265 1869 vt
277 1837 468 1882 quatenus
479 1838 581 1878 opus
594 1823 824 1867 haurit-ez&
841 1823 890 1864 ad
905 1822 1007 1863 vsum
1020 1822 1288 1868 transfer-rene
1300 1824 1387 1865 talis
1398 1827 1534 1880 Scipio
1548 1824 1608 1866 ille
1623 1826 1829 1880 posterior,

221 1885 305 1926 talis
319 1887 442 1925 Corn.
457 1881 581 1927 Sulla,
596 1882 805 1936 Pompeius
817 1909 829 1925 ,
845 1880 1028 1921 Lucullus
1040 1911 1049 1926 ,
1070 1882 1221 1925 Caesar,
1247 1882 1289 1922 &
1303 1883 1366 1934 alij
1385 1887 1613 1938 quicunque
1623 1887 1835 1923 eminentes

224 1941 363 1999 postea
377 1939 556 1984 fuerunt3
578 1940 690 1995 quod
702 1939 745 1978 ὃ(
756 1938 1009 1980 Thucidides
1020 1937 1278 1981 Athenienses
1292 1938 1376 1980 suos
1389 1940 1575 1994 profiteri
1590 1940 1684 1981 facit
1699 1940 1766 1979 lib.
1777 1955 1790 1980 1
1803 1953 1839 1981 Ι,

223 2001 409 2052 Eleganter
428 1996 627 2053 fiitnussed
637 2009 714 2036 cum
725 1999 953 2048 parcimonia
966 1996 1289 2052 ,philosbphamur
1301 2027 1311 2041 ,
1326 1993 1398 2052 ῥά
1409 2000 1493 2051 stae
1501 1998 1659 2038 mollicie
1670 2028 1678 2036 .
1709 1997 1838 2050 quue

225 2054 530 2099 constantissime
543 2057 715 2095 Romani
726 2065 873 2094 veteres
885 2054 953 2095 fibi
967 2054 1219 2094 vindicarunt
1235 2068 1247 2092 .·
1266 2057 1399 2107 itaque
1410 2055 1573 2095 studium
1591 2055 1670 2094 hoc
1687 2054 1839 2095 doctri-

224 2129 282 2155 nae
297 2128 418 2169 penes
430 2127 496 2154 eos
513 2112 676 2167 publice
689 2114 808 2166 viguit
822 2126 832 2155 ;
847 2112 889 2150 ὃ(
902 2125 1059 2164 magnos
1071 2113 1109 2149 in
1123 2110 1189 2149 issa
1202 2111 1407 2150 Romanos
1422 2109 1526 2151 fuiffe
1540 2113 1768 2165 accepimus
1784 2125 1835 2152 ex

227 2173 346 2212 Liuio
360 2185 369 2210 ε
389 2174 509 2211 Parua
529 2169 620 2224 fimt
638 2168 712 2207 haec
721 2197 730 2212 ,
750 2167 822 2222 sed
826 2178 947 2218 parua
956 2164 1020 2215 sta
1031 2180 1103 2206 non
1115 2167 1373 2207 contemnendo
1383 2197 1392 2212 ‚
1417 2171 1571 2208 maiores
1582 2168 1702 2209 nostri
1713 2172 1840 2210 maxi-

223 2241 321 2269 mam
331 2228 511 2267 hancrem
535 2223 731 2274 fecerunt.
761 2224 859 2266 Inde
872 2225 1070 2265 Doctores
1082 2224 1267 2278 paulatim
1279 2227 1317 2265 in
1333 2229 1494 2279 priuatis
1508 2229 1735 2282 Principum
1749 2231 1846 2268 aedi—

224 2285 318 2329 bus,
336 2298 427 2325 mox
439 2288 477 2324 in
494 2280 1118 2338 publico&stipendij‘spublicis
1132 2280 1262 2324 auditi,
1275 2284 1465 2324 condusti
1479 2306 1489 2326 ‚
1505 2285 1546 2324 ὃς
1559 2287 1727 2341 praemijs
1744 2283 1833 2324 affe-

221 2344 274 2384 sti
284 2358 298 2381 .·
312 2341 408 2382 hinc
422 2341 471 2382 C.
483 2338 670 2381 Caesarem
683 2368 693 2383 .
706 2348 749 2378 vt
760 2336 878 2378 refert
892 2341 1053 2379 Sueton.
1064 2342 1196 2378 Omnes
1208 2338 1412 2380 liberalium
1424 2344 1565 2381 artium
1573 2343 1760 2386 Dofflores,
1773 2344 1838 2395 qui

222 2402 344 2440 Romae
360 2397 465 2451 essent
478 2427 487 2442 ,
511 2394 824 2452 Ciuitatedonaffi’
837 2428 845 2436 .
877 2397 957 2448 Qi
968 2397 1125 2437 summus
1141 2408 1285 2437 extero
1296 2397 1425 2438 honos
1443 2399 1545 2439 nulla
1559 2404 1728 2453 pecunia
1741 2400 1840 2440 aesti-

223 2458 406 2498 mancius.
439 2453 694 2509 Vespasianus
707 2467 756 2494 ex
771 2456 929 2495 Sueton.
944 2456 1095 2507 ingenia
1123 2453 1171 2497 &⁴
1191 2463 1288 2494 artes
1315 2459 1481 2497 maxime
1496 2454 1626 2506 fouit:
1652 2462 1796 2509 primus
1819 2456 1837 2495 ἓ

209 2514 302 2570 fifi⁰
313 2516 468 2555 Latinis,
484 2511 686 2567 Graecifique
695 2510 917 2551 Rhetoribus
926 2525 1054 2552 annua
1073 2522 1222 2551 centena
1238 2512 1427 2552 constituit
1439 2528 1450 2553 .·
1471 2513 1678 2565 prestantes
1691 2518 1830 2559 poetas,

220 2584 357 2612 necnon
368 2569 527 2623 artifices
537 2572 681 2609 coemit.
707 2570 915 2624 Pompeius
929 2573 1047 2610 etiam
1059 2568 1353 2624 Theophanem
1373 2570 1638 2626 Mitylenaeum
1653 2572 1830 2612 ciuitate,

225 2629 410 2673 donauit;
429 2627 537 2668 &fic
552 2627 600 2667 de
612 2627 696 2675 alijs
713 2658 723 2666 .

283 2688 340 2727 Ex
351 2685 427 2726 hoc
443 2699 603 2726 numero
619 2681 921 2726 exsurrexerunt
934 2685 1089 2730 Poetae,
1106 2686 1328 2730 Oratores,
1356 2684 1570 2730 Historici,
1587 2701 1752 2742 quorum
1767 2701 1835 2728 ca-
1862 2709 1981 2734 Aeeemae
2002 2705 2086 2733 emas.

226 2742 353 2784 lamis,
373 2757 445 2783 nec
459 2747 554 2783 mori
565 2746 694 2786 Roma
709 2765 720 2785 ›
745 2756 818 2783 nec
838 2744 1040 2797 Principes
1054 2740 1218 2783 eiusdem
1234 2754 1469 2798 potuerunt.
1496 2745 1612 2798 Qos
1630 2745 1656 2786 fi
1678 2743 1831 2786 sustule-
1863 2747 2087 2773 ‘⁰⁷¹⁴'nm2m0'f‘

226 2804 276 2841 ris
287 2823 298 2842 ‚
314 2814 400 2854 quae
415 2796 549 2855 regna,
566 2802 695 2854 Reges
706 2829 717 2844 ‚
731 2802 934 2854 Principes
948 2829 958 2844 ,
972 2801 1043 2841 viri
1054 2803 1179 2854 magni
1193 2804 1370 2841 viuerent
1383 2798 1545 2856 ?sepulti
1562 2802 1761 2845 cineribus
1774 2807 1828 2845 ia—

228 2869 387 2903 cerent,
400 2857 478 2899 fine
492 2856 708 2898 discrimine
720 2858 865 2913 sceptri
884 2858 926 2898 ὃς
939 2858 1101 2912 ligonis.
1127 2858 1236 2899 Bene
1249 2861 1421 2914 Lyricus
1438 2891 1447 2900 .

462 2915 600 2954 Vixere
614 2913 739 2969 jbrtes
759 2926 846 2956 ante
866 2922 1140 2969 Agamemnona

457 2973 607 3012 Multi:
628 2971 701 3026 sed
716 2987 832 3013 omnes
852 2973 1128 3026 illacrymabiles

456 3029 653 3081 Vrgentur‚
672 3032 860 3085 ignotique
882 3032 986 3081 longa

457 3088 499 3126 N
504 3087 603 3126 offic:
627 3097 751 3126 carent
768 3090 857 3142 quia
884 3096 978 3127 vate
987 3085 1117 3141 sacro.
1480 3120 1497 3128 η.

226 3147 367 3187 Amica
378 3156 521 3187 naturae
542 3144 633 3188 sint,
651 3159 736 3199 quae
751 3149 865 3186 vitam
878 3144 1033 3199 sepulto
1052 3147 1222 3188 Domino
1233 3146 1476 3203 spondeant²
1492 3162 1579 3204 ,qu-ce
1593 3148 1828 3203 largiantur,

227 3217 355 3260 quaeq;
372 3203 474 3247 adeo
488 3201 681 3245 nobiliore
693 3201 801 3244 illum
813 3206 893 3246 vita
904 3203 1054 3244 donent
1066 3206 1107 3246 ὃ(
1118 3206 1248 3248 viuere
1263 3211 1415 3249 cineres
1424 3208 1598 3248 doceant
1612 3238 1621 3249 ,
1684 3242 1688 3243 ⁷

1675 3264 1775 3305 Sane
