2206 3480
438 98 548 142 234
851 84 982 135 DE
1059 79 1662 135 COMOEDIA

445 179 581 223 fabulis
605 182 808 221 amantium
831 185 1009 220 iuuenum
1030 179 1363 220 commeffationes
1386 178 1621 234 agebantur}
1740 193 1763 198 ·⁴
1786 181 1789 183 ’
2077 185 2120 242 A

197 253 314 291 net-5505
503 240 699 290 Qoniam
711 236 814 291 apud
832 237 1000 277 Graecos
1013 240 1116 277 varia
1131 234 1237 277 fuere
1248 236 1551 278 Comoediarum
1574 249 1738 291 genera,
1758 248 1803 279 vt
1817 237 1889 279 alia
1907 240 2046 283 dicen-

447 294 496 335 da
508 306 613 334 vetus
629 317 639 336 ‚
659 293 729 333 alia
745 292 892 336 media,
911 292 980 332 alia
994 305 1118 333 nouat.
1145 297 1334 336 ›Veterem
1346 294 1441 334 dico
1462 293 1691 338 maledicam
1712 292 1816 335 illam
1831 297 2044 341 comoediae

442 349 605 391 formam
619 379 629 394 ,
654 363 737 403 quae
752 354 874 403 prima
888 354 1056 392 omnium
1070 352 1109 390 in
1126 350 1189 391 vsu
1203 350 1295 397 fuit3
1323 361 1502 407 tempore
1519 364 1604 406 quo
1617 353 1797 393 summum
1811 355 2045 398 ciuitatum..

445 410 502 448 ius
517 420 634 461 penes
649 407 838 459 populum
853 417 953 447 erat.
987 410 1055 448 Fas
1068 408 1167 448 enim
1183 408 1277 449 illius
1288 407 1529 450 saeculifuiffe
1543 407 1654 450 risum
1662 422 1717 449 ex
1728 421 1969 466 quocunque
1979 412 2041 453 io—

444 476 579 503 corum
590 476 732 516 genere
748 467 955 518 aucupari3
979 469 1150 519 quamuis
1162 470 1294 507 amaris
1305 477 1421 522 atque
1434 465 1714 508 acerbitatibus
1732 465 1870 522 aspersi
1881 471 1921 509 in
1934 469 2042 510 Iudi-

444 532 531 559 cum
544 522 787 574 iniquitatem
799 550 809 566 ‚
841 525 879 561 in
892 521 986 562 mala
1001 522 1216 564 praetorum
1228 522 1400 565 facinora
1411 553 1421 566 ,
1432 527 1483 564 'in
1500 523 1768 579 improborum
1784 524 1938 567 Ciuium
1953 549 1965 569 2
1993 526 2039 568 δε

442 576 606 616 diuitum
619 576 824 631 praesertim
842 592 888 619 ac
901 577 1089 621 nobilium
1099 593 1325 636 corruptos,
1340 582 1382 621 &
1397 578 1623 637 profligatos
1635 594 1775 626 mores,
1787 585 1903 624 certis
1920 585 2037 624 etiam

442 646 492 672 ex
504 631 587 687 ipso
603 636 757 675 nomine
770 634 970 687 designatis
979 636 1198 678 hominibus
1210 653 1219 679 :
1233 643 1285 680 ita
1297 643 1396 679 enim
1409 637 1523 679 facile
1535 637 1619 679 fieri
1632 635 1741 692 poffe
1755 639 1983 685 credebant,
1996 649 2041 681 vt

440 686 613 742 flagitiosi
629 693 736 732 malae
749 691 857 735 famae
868 693 1046 735 deterriti
1064 707 1165 736 metu
1179 694 1226 736 ad
1240 695 1383 737 bonam
1395 694 1541 751 frugem
1568 706 1851 737 reuocarentur
1864 728 1874 738 .
1905 697 2039 741 Reda-

441 743 507 788 cte>
521 746 665 789 deinde
677 750 819 803 Populi
835 751 1038 791 dominatu
1055 753 1103 793 ad
1121 756 1292 807 iniquum
1306 762 1523 807 paucorum
1537 754 1745 808 Imperium
1758 775 1771 796 ,
1791 750 1937 795 sublata
1950 753 2039 796 illa..

440 808 578 845 veteris
592 805 1019 847 maledicendilibertas
1037 812 1167 863 poenis
1180 819 1356 851 coercita
1366 810 1426 856 illa
1436 812 1692 851 Comicorum
1709 810 1870 851 licentia
1880 824 1895 850 .·
1923 811 2041 852 indes·

439 862 609 902 medium
624 864 911 905 comoediarum
923 877 1042 918 genus
1059 867 1361 910 induCtumznam
1371 867 1580 909 obliterata
1596 865 1661 906 illa
1672 866 1936 919 maledicendi
1949 881 2045 922 par--

440 927 480 957 te
491 940 502 961 ‚
526 918 660 960 manfit
671 918 819 973 species
830 920 894 960 illa
911 921 1026 974 prior
1037 926 1155 963 totius
1164 922 1301 965 fabulae
1316 949 1326 967 ‚
1340 938 1384 965 ac
1399 929 1513 965 etiam
1530 922 1608 964 fine
1621 922 1699 964 vlla
1712 921 1927 977 suspicione
1943 953 1954 969 ‚
1969 936 2039 967 aut

439 976 581 1016 timore
595 989 729 1030 poenae
740 976 890 1018 licebat
901 979 1058 1019 aliorum
1073 990 1275 1032 poetarum
1289 979 1432 1035 scripta
1440 981 1619 1022 irridere.
1651 980 1808 1022 Nouum
1821 982 1862 1021 &
1884 980 2039 1035 postre-

439 1046 540 1073 mum
558 1033 779 1075 Comoediae
789 1047 928 1089 genus,
943 1036 1053 1090 quod
1067 1048 1246 1092 tempore
1263 1037 1400 1091 Magni
1416 1036 1632 1078 Alexandri
1649 1034 1791 1078 florere
1803 1040 1954 1093 coepit;
1975 1051 2040 1080 ca·
2058 1020 2102 1074 R

441 1088 573 1129 retilla
585 1089 842 1130 maledicendi
852 1091 1032 1138 licentia;
1052 1107 1097 1134 ac
1111 1098 1222 1135 etiam
1236 1108 1321 1148 quae
1337 1096 1375 1134 in
1398 1104 1539 1149 poetas
1559 1093 1814 1134 inuehebatur
1828 1109 1842 1134 .·
1864 1096 1906 1135 &
1926 1094 2040 1138 risum

442 1157 601 1200 captat;
616 1159 663 1186 ex
679 1159 759 1202 quo
776 1149 948 1189 vniuerse
967 1162 1154 1197 notentur
1165 1164 1292 1194 mores
1306 1174 1318 1196 ‚
1338 1155 1439 1194 certi
1450 1160 1589 1201 ‚tamen
1600 1149 1776 1191 homines
1786 1150 1880 1192 nulii
1895 1151 2040 1195 descri-

456 1202 619 1245 bantur.
1200 1252 1204 1254 Ἴ
1279 1238 1285 1241 .
1389 1227 1391 1230 ·
1443 1225 1457 1230 ”
1591 1227 1594 1231 ·

500 1262 621 1304 Apud
638 1263 791 1305 Latinos
810 1279 952 1306 nouum
973 1265 1068 1308 illud
1093 1268 1369 1320 tantummodo
1392 1269 1610 1312 Comoedia
1627 1267 1836 1324 complexa
1854 1266 1908 1309 est
1920 1282 2042 1323 genus

385 1321 389 1325 ”
444 1315 525 1359 fine
536 1318 853 1368 maledistisvlliS‚
879 1324 922 1363 &
934 1325 1011 1364 fine
1027 1326 1167 1366 Choro
1180 1357 1189 1368 .
1216 1328 1352 1367 Partiri
1366 1325 1451 1368 sunt
1463 1328 1580 1367 Rom.
1596 1324 1829 1366 Comoedias
1841 1328 1879 1364 in
1895 1339 2041 1380 genera

439 1378 512 1416 tria
525 1376 544 1416 a
557 1377 784 1432 vestitu,quo
795 1380 998 1421 histriones
1009 1384 1119 1423 vario
1134 1382 1350 1424 vtebantur.
1367 1382 1475 1427 Nam
1486 1394 1527 1423 vt
1538 1387 1575 1424 in
1590 1382 1702 1423 Vrbe
1717 1395 1791 1435 pro
1805 1384 1955 1437 triplici
1968 1385 2040 1424 Ci-

440 1435 541 1472 nium
555 1434 706 1478 ordine,
723 1437 861 1490 triplex
875 1438 991 1478 etiam
1002 1449 1082 1480 erat
1092 1440 1222 1485 vestis,
1238 1454 1313 1494 qua
1328 1441 1486 1481 ordines
1499 1439 1572 1493 ipsi
1590 1438 1925 1493 distinguebantur
1935 1453 1948 1484 ς
1959 1449 2039 1480 tres

436 1489 490 1530 illi
504 1496 778 1548 excogitarunt
793 1495 905 1534 etiam
918 1496 1151 1539 Comoedias
1161 1501 1199 1537 in
1211 1497 1477 1543 Praetextatas,
1492 1498 1680 1551 Togatas‚
1697 1496 1740 1535 &
1755 1495 2017 1537 Tabernarias
2031 1528 2042 1539 .

437 1548 565 1588 Prima
579 1578 588 1593 ,
604 1548 770 1603 inquam,
785 1552 1019 1592 Praetextata
1030 1555 1050 1594 a
1063 1556 1256 1595 Praetexta
1274 1553 1506 1599 senatorum,
1522 1557 1590 1608 qui
1603 1553 1655 1594 fic
1668 1550 1956 1593 inducebantur
1979 1567 2043 1594 or-

438 1607 532 1647 nati,
548 1607 781 1661 magistratus
795 1607 900 1649 fuere
916 1610 958 1648 &
970 1614 1037 1650 viri
1056 1612 1319 1667 principatum
1334 1611 1572 1654 obtinentes,
1587 1620 1705 1665 atque
1717 1614 1755 1650 in
1771 1610 1947 1651 Ciuitate
1957 1613 2041 1666 pri-

437 1664 546 1712 marij
563 1686 572 1702 ‚
586 1661 648 1702 sed
660 1665 812 1704 minime
825 1678 950 1706 tamen
964 1672 1090 1722 Reges
1102 1701 1111 1710 .
1139 1668 1322 1710 Secunda
1336 1669 1558 1711 Comoediae
1568 1663 1690 1708 forma
1705 1667 1879 1706 deterior
1890 1668 2042 1721 prima-

437 1718 651 1758 inducebat
664 1719 820 1774 quidem
836 1725 1042 1763 Senatores
1055 1752 1064 1766 ,
1086 1723 1150 1764 sed
1167 1731 1343 1778 priuatos
1355 1740 1439 1766 cum
1455 1723 1655 1774 senatorijs
1666 1726 1765 1778 togis
1776 1752 1787 1768 ,
1804 1723 1825 1763 a
1841 1723 1982 1778 quibus
1995 1738 2041 1766 ea

439 1774 657 1815 Comoedia
668 1778 772 1817 dista
785 1780 936 1832 Togata
950 1811 959 1819 .
988 1781 1168 1820 Tertium
1183 1782 1404 1822 Comoediae
1427 1794 1546 1836 genus
1557 1779 1708 1820 humilis
1731 1778 1901 1820 fortunae
1916 1783 2040 1823 imita-

437 1831 553 1872 batur
571 1836 743 1873 homines
766 1838 904 1875 tunicis
921 1836 1080 1876 indutos
1093 1860 1105 1879 2
1125 1851 1199 1877 nec
1214 1840 1410 1880 Tunicata
1432 1837 1536 1878 dista
1551 1836 1626 1879 est,
1650 1834 1714 1876 sed
1736 1834 1785 1876 ab
1802 1835 2036 1878 habitaculis

438 1889 648 1929 humilibus
667 1920 676 1935 ,
689 1904 734 1931 ac
750 1891 920 1935 tabernis
934 1915 944 1935 2
956 1906 1040 1947 quae
1055 1893 1362 1952 disponebantur
1384 1898 1424 1936 in
1439 1892 1554 1936 scena
1565 1923 1577 1940 ,
1588 1893 1837 1935 Tabernaria
1851 1896 1905 1936 est
1915 1898 2038 1936 nomi-

439 1957 560 1988 natas
576 1980 584 1987 .
1031 1966 1034 1968 ’
1211 1965 1214 1976 ¹

190 2021 334 2054 nemim,
346 2032 416 2060 qua.
495 2006 554 2043 hx
573 2008 675 2045 omni
691 2007 910 2048 mortalium
924 2023 1082 2050 numero
1098 2010 1308 2054 Comoedia
1323 2011 1392 2054 fibi
1404 2009 1614 2068 proposuit
1640 2010 1847 2051 imitandos
1866 2010 2039 2051 deterio-

191 2063 370 2090 “fflffffld‘f
432 2073 494 2101 res
508 2092 516 2100 .
542 2063 742 2115 Qoniam
758 2070 836 2105 duo
852 2065 1048 2107 hominum
1063 2082 1204 2122 genera
1214 2070 1344 2110 turbas
1359 2073 1396 2109 in
1410 2074 1569 2110 ciuitate
1582 2067 1733 2109 faciunt
1745 2083 1755 2113 ς
1769 2082 1883 2109 vnum
1899 2083 2037 2111 eorum

435 2122 501 2172 qui
516 2124 694 2172 potentia
707 2132 823 2176 atque
836 2124 978 2176 opibus
989 2125 1164 2180 pollent:
1187 2126 1347 2167 alterum
1360 2140 1492 2168 eorum
1505 2129 1570 2179 qui
1584 2138 1707 2166 rerum
1721 2126 1857 2180 inopia
1868 2140 1878 2171 ;
1890 2126 1932 2166 &
1949 2122 2033 2166 des-

438 2189 530 2230 pera
542 2178 649 2216 tione
676 2178 878 2219 laborant.
906 2184 1024 2235 Igitur
1054 2182 1102 2221 ad
1123 2183 1388 2223 continendos
1414 2186 1453 2223 in
1471 2180 1609 2237 officio
1636 2192 1754 2235 atque
1778 2181 2037 2223 instituendos

434 2231 616 2288 Vtrosque
628 2234 825 2276 hominum
841 2239 998 2279 ordines
1010 2261 1022 2283 ‚
1032 2238 1181 2279 duabus
1197 2240 1368 2280 Poeticae
1380 2240 1604 2280 dramaticae
1614 2237 1745 2279 formis
1758 2236 1977 2294 Tragoediae
1991 2240 2035 2279 &

438 2290 662 2330 Comoediae
679 2291 791 2334 datus
808 2292 983 2334 estlocus
998 2328 1006 2336 .
1028 2297 1247 2351 Tragoedia
1262 2301 1412 2351 quippe
1437 2298 1624 2336 admonet
1646 2299 1848 2348 primarios
1865 2296 1907 2334 &
1919 2296 2030 2334 Prin-

436 2352 545 2400 cipes
560 2368 571 2387 2
593 2361 634 2387 vt
645 2349 870 2390 intueantur
882 2357 920 2391 in
935 2352 1348 2394 exitusinfeliciffimos
1360 2355 1531 2393 virorum
1547 2351 1771 2406 *potentium
1783 2380 1794 2395 ‚
1805 2353 1872 2406 qui
1885 2350 2034 2392 limites

435 2406 538 2457 aequi
555 2403 595 2442 &
610 2406 705 2444 roffi
716 2410 870 2459 pervim
883 2409 1248 2460 egredi-voluerunt:
1279 2409 1494 2449 Comoedia
1516 2407 1639 2447 docet
1658 2409 1799 2462 inopes
1815 2409 1859 2448 &
1874 2406 2031 2449 destitu-

435 2470 497 2500 tos
509 2459 557 2500 de
570 2459 676 2501 felici
689 2477 809 2503 rerum
826 2465 1114 2517 deploratarum
1129 2489 1140 2510 ,
1153 2465 1490 2520 inuolutarumque
1500 2461 1671 2505 succeffu
1686 2465 1786 2504 bene
1799 2462 1973 2519 sperare3
1989 2479 2031 2509 ει,-

436 2521 556 2556 tenim
573 2519 723 2560 videtur
736 2521 848 2573 magis
861 2517 967 2562 fuisse
979 2520 1278 2564 consentaneum
1291 2525 1430 2564 rationi
1445 2519 1652 2563 succeffum
1665 2521 1766 2561 illum
1783 2525 1928 2575 exprim
1936 2535 2027 2563 ere-s

437 2576 475 2613 in
493 2575 693 2616 ordinibus
717 2578 922 2618 deterioris
942 2577 1104 2620 fortunae
1117 2609 1127 2624 ‚
1149 2584 1216 2635 qui
1233 2577 1424 2634 saepiffime
1443 2578 1568 2619 solent
1592 2579 1611 2618 a
1634 2577 1749 2619 rebus
1763 2575 1928 2618 aduersis
1938 2593 2026 2633 gra-

438 2632 527 2671 dum
545 2633 592 2671 ad
607 2631 793 2673 secundas
809 2636 850 2674 &
865 2633 1066 2690 prosperas
1077 2636 1226 2682 facere,
1246 2639 1409 2692 quamin
1422 2635 1687 2689 Principibus,
1714 2634 1782 2690 qui
1794 2633 2026 2690 plerumque

435 2689 455 2727 a
467 2688 560 2727 statu
577 2694 661 2730 vitae
674 2690 845 2730 secundo
859 2696 1096 2734 corruuntin
1112 2692 1330 2735 aduersum.
2049 2679 2102 2733 D

189 2760 339 2788 arditarum
348 2772 413 2800 qua,
491 2747 759 2787 Commotioni
770 2746 1036 2790 misericordiae
1052 2752 1268 2792 &terroris
1281 2755 1320 2791 in
1335 2748 1552 2805 Tragoedia
1564 2746 1773 2804 respondet
1786 2747 1899 2792 risus,
1923 2752 2023 2791 ioci-

189 2798 256 2835 ⁷⁶t'7
267 2808 393 2839 fumo-³
435 2814 512 2854 que
527 2804 708 2843 transsatio
719 2806 1001 2852 inComoedia:
1028 2821 1102 2848 nec
1127 2808 1241 2848 vllam
1256 2806 1422 2848 fabulam
1432 2806 1524 2847 νει-ὲ
1538 2804 1612 2845 effe
1632 2807 1883 2847 Comoediam
1899 2819 2020 2849 Quan-

435 2859 488 2898 do
503 2863 540 2900 in
554 2873 598 2899 ea
612 2859 698 2899 risus
712 2889 721 2903 ‚
746 2862 906 2915 iocique
922 2865 1103 2904 trastatio
1114 2865 1420 2907 defideraretur3
1440 2876 1565 2917 neque
1575 2877 1709 2917 graues
1719 2863 1794 2904 illae
1807 2863 2021 2904 Praetexta-

431 2927 494 2959 tae,
514 2917 556 2955 &
567 2918 730 2970 Togatae
748 2916 812 2958 suo
828 2916 896 2958 risu
911 2931 1117 2960 caruerunt
1129 2950 1138 2966 ,
1155 2922 1195 2961 &
1207 2924 1376 2976 quamuis
1391 2917 1542 2960 effusum
1553 2920 1662 2961 rilum
1676 2921 1718 2961 ὃς
1734 2918 1924 2973 vulgarem
1941 2933 2021 2961 non

432 2973 657 3018 habuerint;
675 2973 894 3015 habuerunt
909 2986 1035 3017 tamen
1052 2991 1133 3017 eum
1149 3001 1160 3021 ‚
1185 2977 1253 3032 qui
1275 2977 1435 3018 deceret
1457 2975 1662 3031 personas,
1680 2975 1837 3031 satisque
1857 2974 2021 3031 poffeta

433 3029 652 3084 Tragoedia
668 3031 710 3070 ὅτ
721 3034 870 3072 caeteris
883 3031 1021 3074 fabulis
1033 3031 1205 3088 separare
1216 3066 1226 3075 .

489 3086 682 3134 Quorsum
694 3099 816 3129 autem
833 3091 1044 3131 Comoedia
1055 3090 1162 3132 risum
1175 3094 1327 3133 excitet
1338 3090 1445 3145 ‚³1hoc
1458 3089 1644 3146 processit
1654 3091 1789 3131 aresta
1802 3103 1926 3130 rerum
1937 3092 2018 3130 exi-

432 3142 647 3184 stimatione
657 3174 666 3188 ‚
687 3144 738 3187 de
751 3145 890 3200 quibus
906 3144 974 3186 risu
987 3160 1155 3202 purgato
1169 3161 1286 3202 atque
1301 3149 1483 3188 correcto
1496 3147 1637 3192 facilius
1654 3160 1699 3188 ac
1712 3148 1853 3187 restius
1868 3147 2019 3187 iudica-

436 3212 515 3240 mus
528 3202 635 3257 quid,
651 3202 693 3242 ἃ
708 3201 869 3257 quando
879 3207 961 3247 iure
973 3203 1177 3245 ridendum
1192 3204 1243 3246 fit.
1262 3206 1455 3247 Praeterea
1466 3205 1609 3248 ficutin
1627 3204 1849 3260 Tragoedia
1864 3216 1912 3267 ex
1925 3217 2018 3258 pur-

1800 3271 1959 3313 gatione
