2206 3480
421 111 521 153 166
625 97 860 170 (QVARE
902 92 1146 151 ROMA,-
1175 92 1293 146 SEV
1338 93 1500 144 ALIAE
1540 91 1769 154 VRBES,
1808 102 1907 156 ἀς.

409 199 544 249 Quare
561 207 682 238 autem
703 192 1123 239 Romanaincunabula
1135 191 1293 231 cum'ad
1316 201 1389 232 tam
1408 189 1620 235 immensam
1637 197 1864 249 potentiam
1876 207 2014 236 exerc·
2041 195 2085 247 Α

407 258 534 295 uerint
552 271 561 299 ;
605 255 885 296 multitudinem
909 262 1036 292 autem
1059 250 1160 289 illam
1183 249 1279 288 raro
1293 247 1604 291 transcenderint
1629 258 1642 291 ‚²
1667 250 1792 304 Qod
1824 252 2010 306 quidem

410 312 460 353 de
475 311 558 359 alijs
571 312 743 365 pluribus
760 312 879 351 Italiae
893 305 1114 348 ciuitatibus
1131 307 1326 354 Venetijs,
1343 306 1598 351 Mediolano,
1617 308 1695 348 &c.
1726 314 1848 362 quaeri
1868 309 2007 351 eadem

409 363 564 423 prorsus
575 371 724 408 ratione
736 365 887 421 potest;
900 365 1048 420 quippe
1061 376 1146 418 quae
1161 365 1203 403 &
1216 360 1303 417 ipsae
1320 374 1407 403 ante
1420 377 1539 404 annos
1557 365 1863 420 quadringentos
1893 376 2008 408 tanta

409 428 548 467 ciuium
564 423 809 464 multitudine
822 452 832 468 ‚
861 433 1004 477 quanta
1017 420 1139 461 hodie
1154 419 1412 461 constiterunt
1425 453 1434 462 .

467 483 637 533 Suntqui
650 479 795 536 pestem
809 509 820 525 ‚
839 478 938 521 bella
958 509 967 524 ,
988 491 1151 519 annonae
1164 480 1360 518 caritatem
1385 501 1396 521 ‚
1420 479 1572 534 aliaque
1588 477 1788 520 accusent.
1822 483 1877 521 At
1898 481 2006 521 certe

405 533 543 579 friuola
557 536 640 576 haec
650 537 803 593 querela
817 567 827 578 .
846 535 1048 590 Qaelibet
1059 533 1258 575 hominum
1270 544 1356 575 zetas
1369 533 1713 590 senfitgraffanrem
1727 535 1902 591 pestem':
1917 537 2007 591 plu-

405 607 467 635 res
482 592 570 633 olim
582 594 620 633 in
635 593 774 650 praelijs
789 596 973 635 excidere
987 606 1100 649 quam
1114 605 1213 632 nunc
1234 607 1244 636 ;
1271 592 1430 646 quando
1446 602 1583 646 aperto
1601 587 1893 635 Marteveteres
1914 606 2005 634 tune

412 648 690 707 confligebant,
700 651 764 692 vbi
776 651 898 692 tribus
911 650 1016 690 horis
1026 651 1151 691 maior
1161 652 1419 698 expirantium
1436 660 1516 690 erat
1529 663 1834 706 numerus,quam
1850 650 2000 706 aliquot

413 712 518 748 annis
528 715 599 752 iam
613 722 714 750 nunc
725 708 844 750 hostis
854 708 1070 749 obtruncat
1081 738 1089 747 .
1107 706 1238 746 Hodie
1253 717 1390 760 aperto
1410 707 1545 747 Marte
1557 720 1749 762 nunquam
1762 707 1840 748 fere
1855 722 1956 762 pugn
1965 723 2003 749 a-

417 781 505 811 tur.
533 768 643 807 Muri
659 766 887 807 hodieloco
900 764 1126 819 clypeorum
1151 763 1397 804 obiestanttir
1417 794 1426 809 ,
1448 768 1550 804 intra
1573 778 1672 819 quos
1692 762 1926 805 delitescitur
1953 794 1964 809 ,
1982 765 2007 803 -ὲ

419 839 582 883 quorum
597 825 740 879 angulis
753 822 933 877 plerique
945 820 1123 861 insidiose
1140 819 1424 862 conficiuntur.
1453 821 1634 862 Annonae
1649 823 1690 863 &
1704 825 1842 863 caritas
1865 836 1875 866 3
1904 831 2013 862 tam..

417 884 525 927 sanus
541 896 652 937 quam
666 878 828 921 infestus
842 894 904 920 aei·
920 877 1068 932 semper
1081 876 1315 917 suit:mundo
1325 876 1395 918 suae
1404 876 1551 931 semper
1563 876 1720 920 fuerunt
1733 892 1859 920 rerum
1874 875 2014 920 viciss-

419 943 596 984 tudines:
610 937 816 996 quodcum
831 950 879 978 ex
892 934 1131 977 historiarum
1158 935 1411 976 monumentis
1434 932 1518 977 satis
1540 935 1714 981 constet,
1740 936 1889 991 lonqus
1910 948 2014 977 non..

421 998 652 1058 progrediar
670 1028 677 1037 .

478 1053 672 1100 Adfer-unt
683 1052 760 1094 huc
773 1052 947 1094 nonnulli
960 1050 1036 1094 Dei
1049 1052 1241 1093 immotam
1252 1050 1488 1092 voluntatem
1511 1079 1521 1096 ,
1543 1049 1776 1106 fatalemque
1795 1050 2013 1092 ordinatio·
2037 1032 2076 1083 B

422 1128 526 1157 nem,
542 1126 613 1153 cur
627 1112 747 1151 austae
761 1111 874 1151 vrbes
886 1139 895 1155 ,
912 1119 955 1149 vt
970 1108 1019 1149 ab
1033 1110 1145 1149 initio
1161 1139 1170 1153 ‚
1195 1107 1314 1149 hodie
1327 1122 1404 1149 non
1419 1107 1549 1149 itidem
1570 1118 1778 1162 augeantur
1799 1139 1808 1147 .
1841 1109 2020 1148 Verum..

425 1171 505 1212 hoc
518 1169 658 1210 nemini
674 1166 830 1208 duqum
846 1181 854 1207 :
870 1169 1053 1222 quoniam
1068 1165 1129 1206 illa
1144 1164 1228 1206 sunt
1236 1165 1363 1207 media
1373 1167 1513 1220 quibus
1525 1163 1585 1206 vsa
1598 1165 1725 1206 diuina
1738 1163 1995 1220 prouidentia
2006 1186 2020 1208 ‚

425 1225 804 1284 paucafmultiplicat
815 1225 856 1265 &
869 1233 982 1279 auget
994 1237 1006 1266 ;
1021 1225 1131 1264 austa
1144 1237 1238 1263 vero
1257 1223 1358 1264 intra
1372 1224 1496 1264 certas
1510 1232 1627 1262 metas
1638 1222 1802 1263 cohibet
1825 1250 1836 1266 ,
1858 1221 2018 1262 vlterius

425 1295 464 1325 vt
475 1282 663 1340 progredi
676 1296 755 1323 non
770 1291 935 1337 queant:
954 1283 990 1320 in
1003 1280 1260 1336 gubernando
1271 1289 1397 1322 tamen
1410 1291 1553 1322 naturae
1568 1278 1676 1321 cursu
1690 1276 1816 1320 causas
1829 1275 2012 1320 secundas

425 1355 503 1382 non
518 1343 646 1392 reijcit
659 1371 668 1380 .

481 1400 558 1439 Pro
569 1397 784 1452 quaestionis
797 1394 1001 1440 solutione,
1014 1397 1069 1436 ita
1082 1393 1317 1450 responsioni
1331 1392 1548 1435 satisfaciam
1562 1408 1572 1439 ;
1586 1404 1628 1435 vt
1642 1402 1806 1434 nontam
1818 1391 1866 1435 ad
1880 1393 2016 1434 ciuita-

428 1467 505 1500 tes,
520 1470 604 1511 quae
621 1468 780 1495 numero
792 1454 944 1494 Cinium
959 1466 1038 1493 non
1053 1452 1213 1507 amplius
1229 1462 1413 1508 augentur
1426 1482 1436 1497 ‚
1450 1449 1514 1492 sed
1529 1452 1643 1492 etiam
1658 1452 1707 1492 ad
1717 1448 1926 1491 vniuersum
1938 1449 2020 1490 hoc

427 1514 559 1554 mundi
573 1512 763 1552 theatrum
777 1510 969 1565 applicari
981 1510 1065 1550 haec
1079 1508 1278 1563 responsio
1291 1505 1407 1563 poffit
1425 1539 1432 1547 .
1459 1508 1752 1549 Multitudinem
1768 1510 1932 1548 ciuitatis
1958 1515 2023 1547 aut

427 1572 447 1611 a
465 1574 606 1611 virtute
620 1569 839 1624 generatiua
851 1590 861 1610 2
874 1578 938 1607 aut
952 1567 972 1606 a
989 1566 1173 1606 nutritiua
1188 1563 1387 1619 proficisci
1400 1594 1406 1602 .
1439 1566 1574 1606 Virtus
1585 1568 1806 1621 generatiua
1818 1562 1932 1620 vsque
1943 1563 2023 1604 huc

426 1626 479 1668 sui
494 1626 616 1668 similis
640 1641 650 1670 ;
671 1636 733 1665 aut
758 1622 883 1664 saltem
916 1626 971 1664 ita
993 1633 1236 1676 comparata,
1261 1623 1384 1678 qualis
1396 1621 1465 1662 fuit
1477 1631 1563 1663 ante
1578 1626 1647 1663 tria
1657 1621 1769 1663 millia
1783 1635 2023 1662 annorum.

431 1685 552 1739 JEque
567 1686 664 1723 enim
679 1681 853 1722 homines
865 1684 977 1720 vitam
991 1679 1229 1735 protrahunt
1240 1677 1421 1736 praesenti
1434 1690 1610 1734 tempore
1626 1679 1667 1720 ὃς
1680 1678 1728 1719 ad
1743 1676 2020 1734 suscipiendam

430 1742 582 1798 prolem
594 1740 715 1780 modo
729 1739 810 1792 apti
820 1736 999 1790 sunt,atq;
1015 1747 1191 1791 tempore
1202 1736 1588 1791 Dauidis,Moysis,vt
1603 1735 1788 1776 habemus
1802 1736 1840 1776 in
1855 1733 2020 1789 psal.89.

431 1803 517 1840 Dies
530 1810 707 1837 annorum
720 1792 916 1846 nestrorum
927 1797 965 1833 in
980 1794 1061 1848 ipfis
1091 1794 1326 1847 fiptuaginta
1337 1795 1465 1832 annis.-
1490 1792 1535 1845 fi
1546 1803 1665 1833 autem
1689 1795 1727 1832 in
1747 1791 2020 1844 potentatibus,

431 1855 553 1906 (idest
567 1852 846 1894 robustioribus
864 1854 881 1901 )
913 1852 1091 1903 oc‘E'oginta
1104 1853 1210 1889 annis
1222 1851 1266 1893 &
1280 1850 1434 1901 amplius
1446 1879 1456 1893 ‚
1471 1863 1593 1890 eorum
1606 1849 1708 1889 labor
1721 1849 1883 1892 &dolor
1893 1880 1902 1888 .
2046 1857 2094 1906 C

487 1913 665 1963 Quando
700 1911 833 1964 igitur.
850 1911 966 1947 virtus
985 1910 1206 1962 generatiua
1234 1921 1310 1947 non
1336 1936 1338 1938 >
1352 1905 1523 1947 obstaret
1548 1929 1559 1950 2
1602 1917 1694 1946 tunc
1724 1906 1874 1946 vrbium
1901 1907 2028 1946 incre-

433 1980 560 2011 menta
575 1966 693 2008 essent
704 1966 853 2008 infinita
870 1979 880 2009 ;
896 1963 1100 2018 postquam
1113 1978 1207 2004 vero
1223 1965 1260 2004 in
1276 1961 1464 2004 infinitum
1476 1977 1554 2003 non
1572 1972 1758 2018 augentur
1775 1986 1785 2005 ⁷
1809 1962 1958 2002 necesse
1972 1962 2027 2003 est

430 2027 540 2071 fateri
558 2039 636 2065 rem
651 2037 800 2066 omnem
814 2021 1077 2077 imputandam
1091 2022 1233 2075 inopiae
1247 2020 1509 2060 alimentorum
1527 2049 1536 2064 ,
1549 2019 1608 2060 seu
1622 2023 1810 2060 nutritiuae
1819 2022 1947 2059 virtuti
1959 2047 1968 2055 .

202 2093 247 2117 Es:
260 2088 410 2124 mmm-'b
493 2084 691 2126 Alimenta
702 2091 767 2121 aut
783 2094 830 2120 ex
844 2080 971 2119 nostra
986 2078 1121 2119 tellure
1133 2089 1198 2119 aut
1210 2078 1415 2132 peregrina
1428 2087 1623 2132 petuntur:
1638 2074 1835 2131 omnisque
1848 2075 1954 2116 vrbis
1968 2079 2026 2116 in-

183 2136 414 2203 Zussmrfsfjj't'?
435 2150 634 2183 crementa
648 2137 877 2181 viaualibus
893 2136 1417 2176 aliundeinueffisiuuantur
1441 2166 1449 2174 .
1478 2137 1534 2177 Vt
1548 2145 1672 2174 autem
1686 2132 1925 2174 obtineamus
1948 2132 2025 2173 fiu-

183 2213 236 2237 τω.
263 2219 312 2243 m
436 2209 603 2241 mentum
618 2211 665 2238 ex
677 2196 791 2250 longe
804 2196 966 2234 remotis
982 2195 1089 2234 terris
1104 2192 1215 2231 nobis
1227 2190 1367 2232 aduehi
1391 2219 1400 2235 ,
1429 2190 1482 2231 est
1493 2201 1534 2232 vt
1547 2194 1663 2231 virtus
1681 2190 1881 2231 attraffiua
1902 2201 2029 2230 tanta-

435 2271 517 2298 rum
530 2255 575 2296 fit
585 2257 720 2295 virium
735 2276 746 2296 ‚
761 2264 846 2306 quae
862 2251 1022 2291 vincant
1038 2247 1201 2290 salebras
1215 2249 1256 2288 ὃς
1271 2247 1495 2303 asperitates
1516 2251 1713 2301 regionum
1736 2277 1746 2291 ,
1766 2247 1915 2287 vallium
1934 2260 2028 2299 pro-

432 2312 641 2355 funditates
653 2334 664 2354 ‚
675 2313 842 2365 impetus
854 2309 1082 2348 torrentium
1094 2330 1104 2348 ‚
1120 2304 1297 2359 pericula
1314 2307 1423 2344 maris
1436 2333 1446 2349 ,
1461 2303 1611 2346 insidias
1624 2307 1831 2357 piratarum
1847 2325 1857 2345 ‚
1870 2301 2021 2342 instabi-

438 2371 613 2412 lilitatem
629 2376 831 2409 ventorum
851 2395 861 2411 ,
880 2363 1176 2420 magnitudinem
1201 2360 1437 2414 sumptuum,
1463 2359 1804 2400 incommoditates
1823 2362 1994 2407 viarum..
2008 2383 2021 2403 ‚

431 2426 612 2471 inuidiam
625 2425 874 2468 vicinorum,
904 2422 1119 2462 inimicitias
1132 2418 1319 2461 hostium,
1347 2428 1496 2471 tempus
1513 2417 1677 2457 vecturae
1693 2438 1705 2458 2
1726 2429 1890 2455 annonae
1922 2418 2023 2456 cari-

436 2497 550 2526 tatem
564 2487 601 2525 in
615 2481 768 2535 ijslocis
782 2481 885 2522 vnde
897 2491 1044 2520 merces
1057 2476 1304 2532 asportantur
1317 2503 1326 2519 ,
1336 2471 1487 2514 diffidia
1498 2475 1698 2514 nationum
1719 2497 1730 2516 ,
1758 2470 2020 2526 disparitatem

434 2542 646 2596 religionis,
659 2541 738 2581 &c.
767 2540 862 2579 Haec
875 2538 1157 2590 omniapariter
1172 2547 1258 2575 cum
1273 2536 1513 2572 incremento
1534 2559 1544 2574 ‚
1567 2532 1610 2570 δε
1643 2529 1895 2569 decremento
1915 2528 2018 2568 vrbis

434 2598 662 2640 accrescunt
678 2627 686 2642 ‚
702 2599 742 2637 ὃ(
755 2592 983 2636 decrescunt
1001 2606 1010 2634 :
1036 2593 1165 2633 donec
1177 2592 1224 2631 eo
1236 2591 1444 2630 deueniant
1453 2590 1644 2643 potentiae
1661 2609 1672 2630 2
1684 2595 1725 2627 vt
1737 2585 1909 2627 humanae
1920 2587 2019 2626 inui-
2048 2600 2097 2653 D

435 2657 535 2698 diae·‚
547 2657 588 2696 ὃς
603 2656 699 2696 odio
714 2653 835 2694 nullus
847 2651 1004 2707 amplius
1020 2650 1131 2690 detur
1142 2649 1278 2689 locus?

491 2714 594 2765 Qus
615 2715 713 2763 enim
727 2723 894 2764 vnquam
907 2705 1130 2763 persuaserit
1140 2706 1349 2747 mercatori
1368 2733 1376 2747 ‚
1391 2713 1433 2743 vt
1446 2701 1635 2742 frumenta
1649 2713 1697 2740 ex
1712 2698 1822 2740 India
1854 2701 2020 2741 Romam

436 2772 587 2810 mittat:
610 2778 673 2808 aut
695 2777 736 2806 vt
757 2770 956 2809 Romanus
969 2779 1012 2805 ea
1024 2764 1114 2805 inde
1129 2763 1314 2817 expeEtet
1329 2770 1345 2801 ?
1366 2763 1438 2799 Fac
1453 2768 1577 2798 autem
1589 2759 1779 2811 Vtrimque
1790 2758 1888 2798 mitti
1905 2757 1946 2796 &
1958 2769 2025 2797 ex-

435 2827 585 2882 pcstari
597 2848 610 2868 2
628 2826 711 2877 quis
724 2826 760 2863 in
776 2822 997 2876 regionibus
1010 2821 1078 2860 illis
1092 2819 1346 2874 pollicebitur
1360 2818 1470 2856 laetos
1483 2816 1523 2854 δε
1540 2813 1757 2854 vberrimos
1769 2812 1914 2867 frugum
1927 2827 2024 2868 pro·

436 2894 584 2927 uentus,
597 2881 832 2937 populorum
848 2879 1045 2921 amicitias,
1059 2877 1100 2916 ὃ(
1111 2883 1265 2930 pacem?
1281 2881 1519 2913 commeatus
1536 2870 1721 2912 &itinera
1736 2873 1923 2911 tuta?Aut
1936 2883 2016 2924 quo

436 2942 553 2996 padio
568 2941 734 2980 Romam
749 2934 980 2976 inuehentur
992 2931 1178 2974 frumenta
1190 2929 1308 2972 illaesis
1324 2930 1476 2984 aurigis,
1499 2939 1562 2967 aut
1577 2928 1712 2969 baiulis
1731 2941 1777 2967 ne
1792 2926 1919 2966 labori
1935 2925 2022 2966 suc-

438 2997 644 3041 cumbant,
656 2997 698 3036 &
711 2993 786 3034 sine
800 2991 1041 3032 fortunarum
1055 2988 1260 3044 dispendio
1276 2997 1387 3028 eant.

494 3056 570 3096 Vel
582 3054 697 3094 vnicsi
710 3052 760 3092 de
773 3050 830 3090 his
844 3047 1102 3104 impedimetis
1113 3046 1251 3087 sufficit
1265 3044 1313 3084 ad
1325 3041 1556 3094 difijciendfi
1572 3041 1719 3082 vrbium
1733 3043 1835 3079 ciues
1854 3050 2024 3080 externo

436 3110 576 3151 auxilio
592 3109 876 3152 destitutos;tot
887 3119 980 3146 vero
998 3099 1562 3144 &tantisincommoditatibus
1578 3095 1861 3140 immersos‚etia
1882 3094 2028 3150 disper-

433 3168 602 3222 gendum
619 3199 627 3208 .
660 3165 853 3206 Velvnica
865 3166 1004 3203 caritas
1018 3159 1121 3200 famis
1135 3189 1145 3203 ,
1159 3158 1328 3212 bellique
1346 3157 1527 3196 violentia
1541 3178 1551 3198 2
1567 3153 1840 3209 impedimenta
1854 3156 2028 3208 negotia·

436 3227 583 3265 tionum
600 3252 609 3270 ,
625 3224 776 3278 aliaque
790 3220 844 3265 sat
854 3224 986 3262 virium
1004 3217 1149 3258 habent
1163 3217 1211 3257 ad
1224 3212 1531 3256 commonendos
1545 3213 1648 3252 ciues
1664 3240 1673 3256 ‚
1685 3221 1726 3251 vt
1737 3208 1839 3250 velut
1851 3208 2028 3252 hirundin

1906 3280 1970 3306 nes
