<?xml version="1.0" encoding="UTF-8"?>
<!DOCTYPE html PUBLIC "-//W3C//DTD XHTML 1.0 Transitional//EN"
    "http://www.w3.org/TR/xhtml1/DTD/xhtml1-transitional.dtd">
<html xmlns="http://www.w3.org/1999/xhtml" xml:lang="en" lang="en">
 <head>
  <title>
</title>
<meta http-equiv="Content-Type" content="text/html;charset=utf-8" />
  <meta name='ocr-system' content='tesseract 3.04.00' />
  <meta name='ocr-capabilities' content='ocr_page ocr_carea ocr_par ocr_line ocrx_word'/>
</head>
<body>
  <div class='ocr_page' id='page_1' title='image "./devrbisacromanio00casa_0395.png"; bbox 0 0 2206 3480; ppageno 0'>
   <div class='ocr_carea' id='block_1_1' title="bbox 305 93 1749 195">
    <p class='ocr_par' dir='ltr' id='par_1_1' title="bbox 305 93 1749 195">
     <span class='ocr_line' id='line_1_1' title="bbox 305 93 1749 195; baseline -0.006 -7"><span class='ocrx_word' id='word_1_1' title='bbox 305 93 308 96; x_wconf 6' lang='grc' dir='ltr'><em>Α</em></span> <span class='ocrx_word' id='word_1_2' title='bbox 366 129 468 187; x_wconf 76' lang='lat' dir='ltr'><em>DE</em></span> <span class='ocrx_word' id='word_1_3' title='bbox 506 126 1003 186; x_wconf 76' lang='lat' dir='ltr'>VIRGIN&#39;IBVS</span> <span class='ocrx_word' id='word_1_4' title='bbox 1042 129 1565 185; x_wconf 75' lang='lat' dir='ltr'><strong>VESTAmssvs.</strong></span> <span class='ocrx_word' id='word_1_5' title='bbox 1656 155 1749 195; x_wconf 67' lang='lat'><em>373</em></span> 
     </span>
    </p>
   </div>
   <div class='ocr_carea' id='block_1_2' title="bbox 89 219 1758 2597">
    <p class='ocr_par' dir='ltr' id='par_1_2' title="bbox 89 219 1758 2437">
     <span class='ocr_line' id='line_1_2' title="bbox 91 219 1755 280; baseline 0.001 -14"><span class='ocrx_word' id='word_1_6' title='bbox 91 228 132 280; x_wconf 75' lang='lat' dir='ltr'>A</span> <span class='ocrx_word' id='word_1_7' title='bbox 216 224 252 266; x_wconf 83' lang='lat' dir='ltr'><strong>A</strong></span> <span class='ocrx_word' id='word_1_8' title='bbox 268 224 401 265; x_wconf 87' lang='lat' dir='ltr'>Numa</span> <span class='ocrx_word' id='word_1_9' title='bbox 412 232 537 264; x_wconf 82' lang='lat' dir='ltr'><em>autem</em></span> <span class='ocrx_word' id='word_1_10' title='bbox 554 222 691 262; x_wconf 78' lang='lat' dir='ltr'><em>Roma:</em></span> <span class='ocrx_word' id='word_1_11' title='bbox 703 219 891 262; x_wconf 88' lang='lat' dir='ltr'><em>institutas</em></span> <span class='ocrx_word' id='word_1_12' title='bbox 904 219 1010 262; x_wconf 74' lang='lat' dir='ltr'><em>fuisse</em></span> <span class='ocrx_word' id='word_1_13' title='bbox 1023 219 1199 262; x_wconf 85' lang='lat' dir='ltr'><em>Vestales</em></span> <span class='ocrx_word' id='word_1_14' title='bbox 1219 251 1228 266; x_wconf 90' lang='lat'>,</span> <span class='ocrx_word' id='word_1_15' title='bbox 1244 221 1350 264; x_wconf 83' lang='lat' dir='ltr'><em>testis</em></span> <span class='ocrx_word' id='word_1_16' title='bbox 1365 222 1420 263; x_wconf 83' lang='lat' dir='ltr'><em>est</em></span> <span class='ocrx_word' id='word_1_17' title='bbox 1430 225 1535 265; x_wconf 89' lang='lat' dir='ltr'><em>Dion</em></span> <span class='ocrx_word' id='word_1_18' title='bbox 1543 224 1639 278; x_wconf 87' lang='lat' dir='ltr'><em>yfius</em></span> <span class='ocrx_word' id='word_1_19' title='bbox 1651 226 1755 268; x_wconf 84' lang='lat' dir='ltr'><em>Hali-</em></span> 
     </span>
     <span class='ocr_line' id='line_1_3' title="bbox 164 274 1754 334; baseline 0.002 -13"><span class='ocrx_word' id='word_1_20' title='bbox 164 279 307 321; x_wconf 83' lang='lat' dir='ltr'><em>carnas.</em></span> <span class='ocrx_word' id='word_1_21' title='bbox 321 281 377 321; x_wconf 88' lang='lat' dir='ltr'><em>his</em></span> <span class='ocrx_word' id='word_1_22' title='bbox 389 281 536 321; x_wconf 85' lang='lat' dir='ltr'><em>verbis:</em></span> <span class='ocrx_word' id='word_1_23' title='bbox 559 279 733 319; x_wconf 83' lang='lat' dir='ltr'><em>Romulus</em></span> <span class='ocrx_word' id='word_1_24' title='bbox 746 277 866 317; x_wconf 88' lang='lat' dir='ltr'><em>nullas</em></span> <span class='ocrx_word' id='word_1_25' title='bbox 886 280 1044 331; x_wconf 82' lang='lat' dir='ltr'><em>Virgines</em></span> <span class='ocrx_word' id='word_1_26' title='bbox 1068 277 1165 327; x_wconf 60' lang='lat' dir='ltr'><em>Vestae</em></span> <span class='ocrx_word' id='word_1_27' title='bbox 1181 274 1385 334; x_wconf 78' lang='lat' dir='ltr'><em>sacerdotes</em></span> <span class='ocrx_word' id='word_1_28' title='bbox 1407 282 1587 327; x_wconf 60' lang='lat' dir='ltr'><em>instituit,</em></span> <span class='ocrx_word' id='word_1_29' title='bbox 1619 296 1754 324; x_wconf 88' lang='lat' dir='ltr'><em>memor</em></span> 
     </span>
     <span class='ocr_line' id='line_1_4' title="bbox 149 334 1750 394; baseline 0.002 -16"><span class='ocrx_word' id='word_1_30' title='bbox 149 334 304 393; x_wconf 69' lang='lat' dir='ltr'><em>fhrtaffi·</em></span> <span class='ocrx_word' id='word_1_31' title='bbox 322 340 480 378; x_wconf 88' lang='lat' dir='ltr'><em>materni</em></span> <span class='ocrx_word' id='word_1_32' title='bbox 496 335 678 376; x_wconf 82' lang='lat' dir='ltr'><em>dedecoris</em></span> <span class='ocrx_word' id='word_1_33' title='bbox 701 358 713 378; x_wconf 78' lang='lat'>‚</span> <span class='ocrx_word' id='word_1_34' title='bbox 735 349 813 385; x_wconf 81' lang='lat' dir='ltr'><em>quae</em></span> <span class='ocrx_word' id='word_1_35' title='bbox 841 337 937 375; x_wconf 86' lang='lat' dir='ltr'><em>inter</em></span> <span class='ocrx_word' id='word_1_36' title='bbox 956 335 1053 374; x_wconf 84' lang='lat' dir='ltr'><em>illius</em></span> <span class='ocrx_word' id='word_1_37' title='bbox 1077 336 1271 385; x_wconf 77' lang='lat' dir='ltr'><em>minsteria</em></span> <span class='ocrx_word' id='word_1_38' title='bbox 1288 340 1540 389; x_wconf 81' lang='lat' dir='ltr'><em>virginitatem</em></span> <span class='ocrx_word' id='word_1_39' title='bbox 1557 339 1750 394; x_wconf 67' lang='lat' dir='ltr'><em>amiserat:</em></span> 
     </span>
     <span class='ocr_line' id='line_1_5' title="bbox 164 390 1755 452; baseline 0.001 -18"><span class='ocrx_word' id='word_1_40' title='bbox 164 394 272 435; x_wconf 84' lang='lat' dir='ltr'><em>haud</em></span> <span class='ocrx_word' id='word_1_41' title='bbox 277 407 463 449; x_wconf 84' lang='lat' dir='ltr'><em>quaquam</em></span> <span class='ocrx_word' id='word_1_42' title='bbox 474 393 621 433; x_wconf 82' lang='lat' dir='ltr'><em>idoneus</em></span> <span class='ocrx_word' id='word_1_43' title='bbox 625 390 781 444; x_wconf 76' lang='lat' dir='ltr'><em>futurus</em></span> <span class='ocrx_word' id='word_1_44' title='bbox 796 395 908 431; x_wconf 85' lang='lat' dir='ltr'><em>iuxta</em></span> <span class='ocrx_word' id='word_1_45' title='bbox 916 393 1004 444; x_wconf 87' lang='lat' dir='ltr'><em>leges</em></span> <span class='ocrx_word' id='word_1_46' title='bbox 1017 395 1181 441; x_wconf 83' lang='lat' dir='ltr'><em>patrias,</em></span> <span class='ocrx_word' id='word_1_47' title='bbox 1194 391 1239 442; x_wconf 85' lang='lat' dir='ltr'><em>st</em></span> <span class='ocrx_word' id='word_1_48' title='bbox 1254 408 1364 447; x_wconf 85' lang='lat' dir='ltr'><em>quam</em></span> <span class='ocrx_word' id='word_1_49' title='bbox 1373 391 1563 452; x_wconf 67' lang='lat' dir='ltr'><em>fraudaffi·</em></span> <span class='ocrx_word' id='word_1_50' title='bbox 1579 397 1755 449; x_wconf 86' lang='lat' dir='ltr'><em>pudorem</em></span> 
     </span>
     <span class='ocr_line' id='line_1_6' title="bbox 160 446 1753 508; baseline 0.003 -18"><span class='ocrx_word' id='word_1_51' title='bbox 160 449 440 507; x_wconf 76' lang='lat' dir='ltr'><em>deprehendiffit</em></span> <span class='ocrx_word' id='word_1_52' title='bbox 455 473 466 493; x_wconf 84' lang='lat'>‚</span> <span class='ocrx_word' id='word_1_53' title='bbox 488 463 532 488; x_wconf 89' lang='lat' dir='ltr'><em>ne</em></span> <span class='ocrx_word' id='word_1_54' title='bbox 545 455 548 459; x_wconf 83' lang='lat'>&#39;</span> <span class='ocrx_word' id='word_1_55' title='bbox 548 448 698 504; x_wconf 80' lang='lat' dir='ltr'><em>sibimet</em></span> <span class='ocrx_word' id='word_1_56' title='bbox 713 446 905 500; x_wconf 57' lang='lat' dir='ltr'><em>refricaret</em></span> <span class='ocrx_word' id='word_1_57' title='bbox 910 447 1089 501; x_wconf 86' lang='lat' dir='ltr'><em>probrum</em></span> <span class='ocrx_word' id='word_1_58' title='bbox 1100 448 1330 490; x_wconf 70' lang='lat' dir='ltr'><em>domefltcom</em></span> <span class='ocrx_word' id='word_1_59' title='bbox 1343 479 1352 487; x_wconf 84' lang='lat'><strong>.</strong></span> <span class='ocrx_word' id='word_1_60' title='bbox 1379 452 1472 492; x_wconf 81' lang='lat' dir='ltr'><em>Haec</em></span> <span class='ocrx_word' id='word_1_61' title='bbox 1494 454 1555 494; x_wconf 78' lang='lat' dir='ltr'><em>ille</em></span> <span class='ocrx_word' id='word_1_62' title='bbox 1573 468 1583 498; x_wconf 89' lang='lat'>;</span> <span class='ocrx_word' id='word_1_63' title='bbox 1609 468 1753 508; x_wconf 81' lang='lat' dir='ltr'><em>quem..</em></span> 
     </span>
     <span class='ocr_line' id='line_1_7' title="bbox 165 504 1753 562; baseline 0.002 -12"><span class='ocrx_word' id='word_1_64' title='bbox 165 506 309 553; x_wconf 79' lang='lat' dir='ltr'><em>secuti,</em></span> <span class='ocrx_word' id='word_1_65' title='bbox 331 507 505 549; x_wconf 83' lang='lat' dir='ltr'>dicemus</span> <span class='ocrx_word' id='word_1_66' title='bbox 517 507 537 546; x_wconf 71' lang='lat' dir='ltr'><em>a</em></span> <span class='ocrx_word' id='word_1_67' title='bbox 549 508 682 546; x_wconf 83' lang='lat' dir='ltr'>Numa</span> <span class='ocrx_word' id='word_1_68' title='bbox 702 505 894 561; x_wconf 86' lang='lat' dir='ltr'><em>Pompilio</em></span> <span class='ocrx_word' id='word_1_69' title='bbox 902 506 1068 560; x_wconf 88' lang='lat' dir='ltr'><em>primum</em></span> <span class='ocrx_word' id='word_1_70' title='bbox 1084 504 1116 543; x_wconf 91' lang='lat' dir='ltr'><strong>R</strong></span> <span class='ocrx_word' id='word_1_71' title='bbox 1126 518 1222 545; x_wconf 89' lang='lat' dir='ltr'><em>omae</em></span> <span class='ocrx_word' id='word_1_72' title='bbox 1237 508 1422 547; x_wconf 77' lang='lat' dir='ltr'><em>institutas</em></span> <span class='ocrx_word' id='word_1_73' title='bbox 1432 537 1440 546; x_wconf 87' lang='lat'><strong>.</strong></span> <span class='ocrx_word' id='word_1_74' title='bbox 1460 510 1581 562; x_wconf 81' lang='lat' dir='ltr'><em>Quod</em></span> <span class='ocrx_word' id='word_1_75' title='bbox 1593 525 1753 554; x_wconf 64' lang='lat' dir='ltr'><em>earum</em></span> 
     </span>
     <span class='ocr_line' id='line_1_8' title="bbox 166 560 1750 622; baseline 0.003 -16"><span class='ocrx_word' id='word_1_76' title='bbox 166 563 337 606; x_wconf 83' lang='lat' dir='ltr'><em>officium</em></span> <span class='ocrx_word' id='word_1_77' title='bbox 351 594 361 610; x_wconf 93' lang='lat'><em>,</em></span> <span class='ocrx_word' id='word_1_78' title='bbox 373 577 508 619; x_wconf 84' lang='lat' dir='ltr'><em>quaeue</em></span> <span class='ocrx_word' id='word_1_79' title='bbox 525 565 691 617; x_wconf 86' lang='lat' dir='ltr'>dignitas</span> <span class='ocrx_word' id='word_1_80' title='bbox 701 561 820 607; x_wconf 82' lang='lat' dir='ltr'><em>foret,</em></span> <span class='ocrx_word' id='word_1_81' title='bbox 832 562 994 602; x_wconf 84' lang='lat' dir='ltr'><em>eundem</em></span> <span class='ocrx_word' id='word_1_82' title='bbox 1008 560 1234 615; x_wconf 67' lang='lat' dir='ltr'><em>Dilonyfium</em></span> <span class='ocrx_word' id='word_1_83' title='bbox 1248 564 1443 605; x_wconf 77' lang='lat' dir='ltr'>audiamus</span> <span class='ocrx_word' id='word_1_84' title='bbox 1454 565 1503 606; x_wconf 81' lang='lat' dir='ltr'><em>{ic</em></span> <span class='ocrx_word' id='word_1_85' title='bbox 1515 568 1750 622; x_wconf 76' lang='lat' dir='ltr'><em>loquentem.</em></span> 
     </span>
     <span class='ocr_line' id='line_1_9' title="bbox 155 615 1752 677; baseline -0.004 -16"><span class='ocrx_word' id='word_1_86' title='bbox 155 622 319 677; x_wconf 53' lang='lat' dir='ltr'><em>&lt;Quinto</em></span> <span class='ocrx_word' id='word_1_87' title='bbox 332 621 405 661; x_wconf 89' lang='lat' dir='ltr'><em>loco</em></span> <span class='ocrx_word' id='word_1_88' title='bbox 419 629 526 661; x_wconf 87' lang='lat' dir='ltr'><em>erant</em></span> <span class='ocrx_word' id='word_1_89' title='bbox 536 621 691 672; x_wconf 79' lang='lat' dir='ltr'><em>Virgines</em></span> <span class='ocrx_word' id='word_1_90' title='bbox 702 623 792 672; x_wconf 83' lang='lat' dir='ltr'><em>ignis</em></span> <span class='ocrx_word' id='word_1_91' title='bbox 792 619 898 674; x_wconf 65' lang='lat' dir='ltr'><em>sacri</em></span> <span class='ocrx_word' id='word_1_92' title='bbox 904 615 1086 665; x_wconf 68' lang='lat' dir='ltr'><em>custodes,</em></span> <span class='ocrx_word' id='word_1_93' title='bbox 1109 631 1200 670; x_wconf 86' lang='lat' dir='ltr'><em>quas</em></span> <span class='ocrx_word' id='word_1_94' title='bbox 1219 618 1276 657; x_wconf 86' lang='lat' dir='ltr'><em>illi</em></span> <span class='ocrx_word' id='word_1_95' title='bbox 1295 618 1318 657; x_wconf 72' lang='lat' dir='ltr'><em>d</em></span> <span class='ocrx_word' id='word_1_96' title='bbox 1325 620 1398 671; x_wconf 71' lang='lat' dir='ltr'><em>fita</em></span> <span class='ocrx_word' id='word_1_97' title='bbox 1420 625 1500 662; x_wconf 81' lang='lat' dir='ltr'><em>Dea</em></span> <span class='ocrx_word' id='word_1_98' title='bbox 1514 625 1666 664; x_wconf 63' lang='lat' dir='ltr'><em>Vestales</em></span> <span class='ocrx_word' id='word_1_99' title='bbox 1686 638 1752 665; x_wconf 85' lang='lat' dir='ltr'><em>no-</em></span> 
     </span>
     <span class='ocr_line' id='line_1_10' title="bbox 167 672 1751 735; baseline 0.002 -16"><span class='ocrx_word' id='word_1_100' title='bbox 167 683 316 719; x_wconf 85' lang='lat' dir='ltr'><em>minant</em></span> <span class='ocrx_word' id='word_1_101' title='bbox 325 707 336 723; x_wconf 90' lang='lat'><em>,</em></span> <span class='ocrx_word' id='word_1_102' title='bbox 349 680 408 718; x_wconf 89' lang='lat' dir='ltr'><em>cui</em></span> <span class='ocrx_word' id='word_1_103' title='bbox 416 680 503 718; x_wconf 84' lang='lat' dir='ltr'><em>Rex</em></span> <span class='ocrx_word' id='word_1_104' title='bbox 513 676 576 719; x_wconf 83' lang='lat' dir='ltr'><em>hic</em></span> <span class='ocrx_word' id='word_1_105' title='bbox 579 678 740 729; x_wconf 82' lang='lat' dir='ltr'><em>primum</em></span> <span class='ocrx_word' id='word_1_106' title='bbox 751 675 921 726; x_wconf 85' lang='lat' dir='ltr'><em>templum</em></span> <span class='ocrx_word' id='word_1_107' title='bbox 920 672 1108 728; x_wconf 69' lang='lat' dir='ltr'><em>sacrauit,</em></span> <span class='ocrx_word' id='word_1_108' title='bbox 1119 673 1166 717; x_wconf 66' lang='grc' dir='ltr'><em>ὁ·</em></span> <span class='ocrx_word' id='word_1_109' title='bbox 1183 676 1345 715; x_wconf 84' lang='lat' dir='ltr'><em>cultrices</em></span> <span class='ocrx_word' id='word_1_110' title='bbox 1358 677 1516 728; x_wconf 85' lang='lat' dir='ltr'><em>Virgines</em></span> <span class='ocrx_word' id='word_1_111' title='bbox 1565 682 1616 720; x_wconf 83' lang='lat' dir='ltr'><em>Et</em></span> <span class='ocrx_word' id='word_1_112' title='bbox 1630 683 1751 735; x_wconf 90' lang='lat' dir='ltr'><em>paulo</em></span> 
     </span>
     <span class='ocr_line' id='line_1_11' title="bbox 157 731 1752 791; baseline 0 -16"><span class='ocrx_word' id='word_1_113' title='bbox 157 735 251 791; x_wconf 87' lang='lat' dir='ltr'><em>post</em></span> <span class='ocrx_word' id='word_1_114' title='bbox 260 750 268 776; x_wconf 92' lang='lat'>:</span> <span class='ocrx_word' id='word_1_115' title='bbox 285 737 442 789; x_wconf 85' lang='lat' dir='ltr'><em>Virgines</em></span> <span class='ocrx_word' id='word_1_116' title='bbox 450 748 528 789; x_wconf 82' lang='lat' dir='ltr'><em>quae</em></span> <span class='ocrx_word' id='word_1_117' title='bbox 536 732 739 787; x_wconf 72' lang='lat' dir='ltr'><em>Deaesbcris</em></span> <span class='ocrx_word' id='word_1_118' title='bbox 747 731 993 782; x_wconf 82' lang='lat' dir='ltr'><em>operabantur</em></span> <span class='ocrx_word' id='word_1_119' title='bbox 1003 762 1013 776; x_wconf 81' lang='lat'><em>‚</em></span> <span class='ocrx_word' id='word_1_120' title='bbox 1022 740 1180 786; x_wconf 87' lang='lat' dir='ltr'><em>quatuor</em></span> <span class='ocrx_word' id='word_1_121' title='bbox 1188 741 1295 771; x_wconf 89' lang='lat' dir='ltr'><em>erant</em></span> <span class='ocrx_word' id='word_1_122' title='bbox 1304 731 1351 772; x_wconf 84' lang='lat' dir='ltr'><em>ab</em></span> <span class='ocrx_word' id='word_1_123' title='bbox 1364 736 1470 774; x_wconf 87' lang='lat' dir='ltr'><em>initio</em></span> <span class='ocrx_word' id='word_1_124' title='bbox 1480 763 1489 777; x_wconf 88' lang='lat'><strong><em>‚</em></strong></span> <span class='ocrx_word' id='word_1_125' title='bbox 1501 735 1548 778; x_wconf 52' lang='grc' dir='ltr'><em>(ἔγ</em></span> <span class='ocrx_word' id='word_1_126' title='bbox 1555 739 1611 775; x_wconf 89' lang='lat' dir='ltr'><em>ius</em></span> <span class='ocrx_word' id='word_1_127' title='bbox 1620 747 1752 788; x_wconf 78' lang='lat' dir='ltr'><em>optan-</em></span> 
     </span>
     <span class='ocr_line' id='line_1_12' title="bbox 157 787 1753 848; baseline 0.001 -16"><span class='ocrx_word' id='word_1_128' title='bbox 157 791 200 832; x_wconf 85' lang='lat' dir='ltr'><em>di</em></span> <span class='ocrx_word' id='word_1_129' title='bbox 208 806 267 832; x_wconf 87' lang='lat' dir='ltr'><em>eas</em></span> <span class='ocrx_word' id='word_1_130' title='bbox 271 803 381 844; x_wconf 83' lang='lat' dir='ltr'><em>penes</em></span> <span class='ocrx_word' id='word_1_131' title='bbox 389 795 498 844; x_wconf 86' lang='lat' dir='ltr'><em>Reges</em></span> <span class='ocrx_word' id='word_1_132' title='bbox 510 787 713 848; x_wconf 69' lang='lat' dir='ltr'><em>effi‚Numa</em></span> <span class='ocrx_word' id='word_1_133' title='bbox 729 788 851 830; x_wconf 82' lang='lat' dir='ltr'><em>voluit</em></span> <span class='ocrx_word' id='word_1_134' title='bbox 862 803 874 833; x_wconf 79' lang='lat'>3</span> <span class='ocrx_word' id='word_1_135' title='bbox 885 788 1014 841; x_wconf 66' lang='lat' dir='ltr'><em>postea</em></span> <span class='ocrx_word' id='word_1_136' title='bbox 1031 798 1183 841; x_wconf 83' lang='lat' dir='ltr'><em>propter</em></span> <span class='ocrx_word' id='word_1_137' title='bbox 1196 789 1465 845; x_wconf 85' lang='lat' dir='ltr'><em>sacrificiorum</em></span> <span class='ocrx_word' id='word_1_138' title='bbox 1482 793 1753 834; x_wconf 83' lang='lat' dir='ltr'><em>multitudinem</em></span> 
     </span>
     <span class='ocr_line' id='line_1_13' title="bbox 155 844 1754 903; baseline 0.001 -15"><span class='ocrx_word' id='word_1_139' title='bbox 155 848 400 903; x_wconf 71' lang='lat' dir='ltr'><em>adsenarium</em></span> <span class='ocrx_word' id='word_1_140' title='bbox 409 859 597 889; x_wconf 85' lang='lat' dir='ltr'><em>numerum</em></span> <span class='ocrx_word' id='word_1_141' title='bbox 610 845 725 887; x_wconf 69' lang='lat' dir='ltr'><em>auHae</em></span> <span class='ocrx_word' id='word_1_142' title='bbox 735 844 760 883; x_wconf 69' lang='grc' dir='ltr'><em>ἂ</em></span> <span class='ocrx_word' id='word_1_143' title='bbox 772 845 982 900; x_wconf 83' lang='lat' dir='ltr'><em>Tarquinio</em></span> <span class='ocrx_word' id='word_1_144' title='bbox 1002 845 1138 900; x_wconf 81' lang='lat' dir='ltr'><em>Prisco;</em></span> <span class='ocrx_word' id='word_1_145' title='bbox 1160 844 1340 901; x_wconf 83' lang='lat' dir='ltr'><em>hodieque</em></span> <span class='ocrx_word' id='word_1_146' title='bbox 1352 852 1570 900; x_wconf 74' lang='lat' dir='ltr'><em>permanent</em></span> <span class='ocrx_word' id='word_1_147' title='bbox 1590 850 1754 902; x_wconf 82' lang='lat' dir='ltr'><em>degentes</em></span> 
     </span>
     <span class='ocr_line' id='line_1_14' title="bbox 159 902 1754 957; baseline 0.001 -12"><span class='ocrx_word' id='word_1_148' title='bbox 159 907 201 947; x_wconf 84' lang='lat' dir='ltr'><em>in</em></span> <span class='ocrx_word' id='word_1_149' title='bbox 216 907 301 946; x_wconf 79' lang='lat' dir='ltr'><em>Deae</em></span> <span class='ocrx_word' id='word_1_150' title='bbox 310 907 400 949; x_wconf 74' lang='lat' dir='ltr'><em>fano</em></span> <span class='ocrx_word' id='word_1_151' title='bbox 414 933 425 948; x_wconf 95' lang='lat'>,</span> <span class='ocrx_word' id='word_1_152' title='bbox 433 903 459 943; x_wconf 73' lang='grc' dir='ltr'><em>ἂ</em></span> <span class='ocrx_word' id='word_1_153' title='bbox 468 906 566 944; x_wconf 87' lang='lat' dir='ltr'><em>cuius</em></span> <span class='ocrx_word' id='word_1_154' title='bbox 574 902 680 943; x_wconf 85' lang='lat' dir='ltr'><em>aditu</em></span> <span class='ocrx_word' id='word_1_155' title='bbox 694 916 797 942; x_wconf 86' lang='lat' dir='ltr'><em>nemo</em></span> <span class='ocrx_word' id='word_1_156' title='bbox 808 913 954 943; x_wconf 81' lang='lat' dir='ltr'><em>arcetur</em></span> <span class='ocrx_word' id='word_1_157' title='bbox 965 903 1126 943; x_wconf 86' lang='lat' dir='ltr'><em>interdiu</em></span> <span class='ocrx_word' id='word_1_158' title='bbox 1143 902 1449 957; x_wconf 69' lang='lat' dir='ltr'><em>‚sedpernoc‘iare</em></span> <span class='ocrx_word' id='word_1_159' title='bbox 1457 903 1619 957; x_wconf 75' lang='lat' dir='ltr'><em>in⁴usjas</em></span> <span class='ocrx_word' id='word_1_160' title='bbox 1631 906 1683 946; x_wconf 72' lang='grc' dir='ltr'><em>εΗ</em></span> <span class='ocrx_word' id='word_1_161' title='bbox 1692 909 1754 947; x_wconf 82' lang='lat' dir='ltr'><em>vi-</em></span> 
     </span>
     <span class='ocr_line' id='line_1_15' title="bbox 151 959 1750 1018; baseline -0.001 -17"><span class='ocrx_word' id='word_1_162' title='bbox 151 975 205 1001; x_wconf 85' lang='lat' dir='ltr'><em>-ro</em></span> <span class='ocrx_word' id='word_1_163' title='bbox 221 964 374 1002; x_wconf 85' lang='lat' dir='ltr'><em>nemini.</em></span> <span class='ocrx_word' id='word_1_164' title='bbox 390 963 477 1001; x_wconf 89' lang='lat' dir='ltr'><em>Has</em></span> <span class='ocrx_word' id='word_1_165' title='bbox 490 971 556 1012; x_wconf 83' lang='lat' dir='ltr'><em>per</em></span> <span class='ocrx_word' id='word_1_166' title='bbox 565 961 688 1000; x_wconf 85' lang='lat' dir='ltr'><em>XXX.</em></span> <span class='ocrx_word' id='word_1_167' title='bbox 701 973 815 999; x_wconf 83' lang='lat' dir='ltr'><em>annos</em></span> <span class='ocrx_word' id='word_1_168' title='bbox 824 973 970 1000; x_wconf 83' lang='lat' dir='ltr'><em>manere</em></span> <span class='ocrx_word' id='word_1_169' title='bbox 984 971 1098 1012; x_wconf 88' lang='lat' dir='ltr'><em>puras</em></span> <span class='ocrx_word' id='word_1_170' title='bbox 1118 959 1143 998; x_wconf 73' lang='lat' dir='ltr'><em>d</em></span> <span class='ocrx_word' id='word_1_171' title='bbox 1163 961 1300 1014; x_wconf 55' lang='lat' dir='ltr'><em>nupty‘sss</em></span> <span class='ocrx_word' id='word_1_172' title='bbox 1309 959 1434 1017; x_wconf 76' lang='lat' dir='ltr'><em>neccffe</em></span> <span class='ocrx_word' id='word_1_173' title='bbox 1444 962 1713 1018; x_wconf 69' lang='lat' dir='ltr'><em>efifhcrariose</em></span> <span class='ocrx_word' id='word_1_174' title='bbox 1730 990 1750 1000; x_wconf 76' lang='lat'><em>-</em></span> 
     </span>
     <span class='ocr_line' id='line_1_16' title="bbox 159 1013 1756 1074; baseline 0 -17"><span class='ocrx_word' id='word_1_175' title='bbox 159 1019 307 1061; x_wconf 83' lang='lat' dir='ltr'><em>uientes;</em></span> <span class='ocrx_word' id='word_1_176' title='bbox 319 1019 366 1061; x_wconf 60' lang='grc' dir='ltr'><em>ὼ</em></span> <span class='ocrx_word' id='word_1_177' title='bbox 373 1021 495 1070; x_wconf 85' lang='lat' dir='ltr'><em>primo</em></span> <span class='ocrx_word' id='word_1_178' title='bbox 506 1017 678 1071; x_wconf 70' lang='lat' dir='ltr'><em>decennio,</em></span> <span class='ocrx_word' id='word_1_179' title='bbox 684 1020 862 1057; x_wconf 86' lang='lat' dir='ltr'><em>rationem</em></span> <span class='ocrx_word' id='word_1_180' title='bbox 866 1013 1059 1073; x_wconf 75' lang='lat' dir='ltr'><em>sacrorum.</em></span> <span class='ocrx_word' id='word_1_181' title='bbox 1066 1029 1123 1056; x_wconf 88' lang='lat' dir='ltr'><em>eas</em></span> <span class='ocrx_word' id='word_1_182' title='bbox 1135 1016 1326 1068; x_wconf 84' lang='lat' dir='ltr'><em>oportebat</em></span> <span class='ocrx_word' id='word_1_183' title='bbox 1337 1018 1634 1074; x_wconf 67' lang='lat' dir='ltr'><em>discereficundo</em></span> <span class='ocrx_word' id='word_1_184' title='bbox 1645 1033 1756 1060; x_wconf 82' lang='lat' dir='ltr'><em>exer.</em></span> 
     </span>
     <span class='ocr_line' id='line_1_17' title="bbox 100 1052 1755 1131; baseline 0.001 -16"><span class='ocrx_word' id='word_1_185' title='bbox 100 1052 141 1104; x_wconf 81' lang='lat' dir='ltr'>B</span> <span class='ocrx_word' id='word_1_186' title='bbox 159 1087 237 1116; x_wconf 87' lang='lat' dir='ltr'><em>cere</em></span> <span class='ocrx_word' id='word_1_187' title='bbox 250 1104 260 1119; x_wconf 89' lang='lat'><strong>,</strong></span> <span class='ocrx_word' id='word_1_188' title='bbox 271 1080 378 1115; x_wconf 75' lang='lat' dir='ltr'><em>tertio</em></span> <span class='ocrx_word' id='word_1_189' title='bbox 387 1076 512 1115; x_wconf 85' lang='lat' dir='ltr'><em>docere</em></span> <span class='ocrx_word' id='word_1_190' title='bbox 522 1074 614 1113; x_wconf 83' lang='lat' dir='ltr'><em>alias</em></span> <span class='ocrx_word' id='word_1_191' title='bbox 626 1087 638 1112; x_wconf 91' lang='lat'><em>.·</em></span> <span class='ocrx_word' id='word_1_192' title='bbox 644 1072 730 1124; x_wconf 67' lang='lat' dir='ltr'><em>posi</em></span> <span class='ocrx_word' id='word_1_193' title='bbox 741 1075 915 1114; x_wconf 62' lang='lat' dir='ltr'><em>exactum</em></span> <span class='ocrx_word' id='word_1_194' title='bbox 923 1087 1061 1114; x_wconf 89' lang='lat' dir='ltr'><em>annum</em></span> <span class='ocrx_word' id='word_1_195' title='bbox 1078 1074 1291 1128; x_wconf 84' lang='lat' dir='ltr'><em>trigesimum</em></span> <span class='ocrx_word' id='word_1_196' title='bbox 1300 1074 1402 1115; x_wconf 88' lang='lat' dir='ltr'><em>nihil</em></span> <span class='ocrx_word' id='word_1_197' title='bbox 1406 1076 1557 1116; x_wconf 82' lang='lat' dir='ltr'><em>vetebat</em></span> <span class='ocrx_word' id='word_1_198' title='bbox 1567 1090 1626 1117; x_wconf 89' lang='lat' dir='ltr'><em>eas</em></span> <span class='ocrx_word' id='word_1_199' title='bbox 1630 1076 1755 1131; x_wconf 70' lang='lat' dir='ltr'><em>ptfitis</em></span> 
     </span>
     <span class='ocr_line' id='line_1_18' title="bbox 158 1129 1753 1187; baseline 0.003 -16"><span class='ocrx_word' id='word_1_200' title='bbox 158 1134 298 1171; x_wconf 85' lang='lat' dir='ltr'><em>coronis</em></span> <span class='ocrx_word' id='word_1_201' title='bbox 312 1161 321 1176; x_wconf 92' lang='lat'><em>,</em></span> <span class='ocrx_word' id='word_1_202' title='bbox 332 1130 551 1187; x_wconf 79' lang='lat' dir='ltr'><em>reliquifqtte</em></span> <span class='ocrx_word' id='word_1_203' title='bbox 560 1129 753 1183; x_wconf 79' lang='lat' dir='ltr'><em>insignibus</em></span> <span class='ocrx_word' id='word_1_204' title='bbox 754 1129 970 1184; x_wconf 63' lang='lat' dir='ltr'><em>sacerdotffs</em></span> <span class='ocrx_word' id='word_1_205' title='bbox 982 1154 993 1175; x_wconf 87' lang='lat'>‚</span> <span class='ocrx_word' id='word_1_206' title='bbox 1011 1134 1070 1171; x_wconf 89' lang='lat' dir='ltr'><em>cui</em></span> <span class='ocrx_word' id='word_1_207' title='bbox 1076 1131 1215 1170; x_wconf 84' lang='lat' dir='ltr'><em>vellent</em></span> <span class='ocrx_word' id='word_1_208' title='bbox 1226 1131 1380 1177; x_wconf 78' lang='lat' dir='ltr'><em>nubere3</em></span> <span class='ocrx_word' id='word_1_209' title='bbox 1394 1130 1568 1182; x_wconf 76' lang='lat' dir='ltr'><em>ficerunt</em></span> <span class='ocrx_word' id='word_1_210' title='bbox 1580 1134 1623 1173; x_wconf 89' lang='lat' dir='ltr'><em>id</em></span> <span class='ocrx_word' id='word_1_211' title='bbox 1626 1146 1753 1186; x_wconf 68' lang='lat' dir='ltr'><em>pauca</em></span> 
     </span>
     <span class='ocr_line' id='line_1_19' title="bbox 155 1187 1754 1243; baseline 0.002 -15"><span class='ocrx_word' id='word_1_212' title='bbox 155 1188 318 1243; x_wconf 76' lang='lat' dir='ltr'><em>aliquot,</em></span> <span class='ocrx_word' id='word_1_213' title='bbox 332 1188 397 1237; x_wconf 71' lang='lat' dir='ltr'><em>sed</em></span> <span class='ocrx_word' id='word_1_214' title='bbox 399 1200 533 1241; x_wconf 83' lang='lat' dir='ltr'><em>parum</em></span> <span class='ocrx_word' id='word_1_215' title='bbox 549 1189 628 1230; x_wconf 76' lang='lat' dir='ltr'><em>laeto</em></span> <span class='ocrx_word' id='word_1_216' title='bbox 638 1189 728 1228; x_wconf 83' lang='lat' dir='ltr'><em>vitae</em></span> <span class='ocrx_word' id='word_1_217' title='bbox 736 1191 843 1227; x_wconf 87' lang='lat' dir='ltr'><em>exitu</em></span> <span class='ocrx_word' id='word_1_218' title='bbox 856 1218 865 1233; x_wconf 92' lang='lat'>,</span> <span class='ocrx_word' id='word_1_219' title='bbox 878 1188 924 1232; x_wconf 58' lang='grc' dir='ltr'><em>(θ’</em></span> <span class='ocrx_word' id='word_1_220' title='bbox 935 1187 1091 1242; x_wconf 75' lang='lat' dir='ltr'><em>ominoso</em></span> <span class='ocrx_word' id='word_1_221' title='bbox 1100 1188 1204 1238; x_wconf 84' lang='lat' dir='ltr'><em>apud</em></span> <span class='ocrx_word' id='word_1_222' title='bbox 1209 1199 1349 1230; x_wconf 77' lang='lat' dir='ltr'><em>caeteros</em></span> <span class='ocrx_word' id='word_1_223' title='bbox 1359 1220 1369 1230; x_wconf 87' lang='lat'><strong><em>.</em></strong></span> <span class='ocrx_word' id='word_1_224' title='bbox 1386 1189 1579 1231; x_wconf 67' lang='lat' dir='ltr'><em>Hactenus</em></span> <span class='ocrx_word' id='word_1_225' title='bbox 1594 1189 1754 1243; x_wconf 85' lang='lat' dir='ltr'>Dionys.</span> 
     </span>
     <span class='ocr_line' id='line_1_20' title="bbox 213 1243 1752 1299; baseline 0.003 -15"><span class='ocrx_word' id='word_1_226' title='bbox 213 1245 343 1298; x_wconf 74' lang='lat' dir='ltr'><em>Quod</em></span> <span class='ocrx_word' id='word_1_227' title='bbox 357 1257 483 1285; x_wconf 85' lang='lat' dir='ltr'><em>autem</em></span> <span class='ocrx_word' id='word_1_228' title='bbox 500 1245 587 1298; x_wconf 86' lang='lat' dir='ltr'><em>post</em></span> <span class='ocrx_word' id='word_1_229' title='bbox 601 1243 827 1299; x_wconf 77' lang='lat' dir='ltr'><em>trigesimum</em></span> <span class='ocrx_word' id='word_1_230' title='bbox 844 1259 981 1286; x_wconf 87' lang='lat' dir='ltr'><em>annum</em></span> <span class='ocrx_word' id='word_1_231' title='bbox 996 1244 1048 1286; x_wconf 79' lang='lat' dir='ltr'><em>nil</em></span> <span class='ocrx_word' id='word_1_232' title='bbox 1059 1243 1406 1290; x_wconf 77' lang='lat' dir='ltr'><em>vetabat‚vestales</em></span> <span class='ocrx_word' id='word_1_233' title='bbox 1419 1247 1563 1289; x_wconf 80' lang='lat' dir='ltr'><em>nubere</em></span> <span class='ocrx_word' id='word_1_234' title='bbox 1577 1276 1587 1292; x_wconf 91' lang='lat'><strong>,</strong></span> <span class='ocrx_word' id='word_1_235' title='bbox 1600 1247 1752 1291; x_wconf 88' lang='lat' dir='ltr'>D.Am-</span> 
     </span>
     <span class='ocr_line' id='line_1_21' title="bbox 147 1299 1754 1360; baseline 0.003 -20"><span class='ocrx_word' id='word_1_236' title='bbox 147 1299 256 1344; x_wconf 75' lang='lat' dir='ltr'><em>bros.</em></span> <span class='ocrx_word' id='word_1_237' title='bbox 266 1301 331 1342; x_wconf 90' lang='lat' dir='ltr'><em>lib.</em></span> <span class='ocrx_word' id='word_1_238' title='bbox 350 1305 476 1348; x_wconf 78' lang='lat' dir='ltr'><em>primo</em></span> <span class='ocrx_word' id='word_1_239' title='bbox 487 1301 535 1341; x_wconf 90' lang='lat' dir='ltr'><em>de</em></span> <span class='ocrx_word' id='word_1_240' title='bbox 550 1300 776 1355; x_wconf 73' lang='lat' dir='ltr'><strong>Virginibus</strong></span> <span class='ocrx_word' id='word_1_241' title='bbox 793 1305 865 1342; x_wconf 86' lang='lat' dir='ltr'><em>ait:</em></span> <span class='ocrx_word' id='word_1_242' title='bbox 879 1301 981 1360; x_wconf 79' lang='lat' dir='ltr'><em>Qis</em></span> <span class='ocrx_word' id='word_1_243' title='bbox 992 1301 1290 1353; x_wconf 79' lang='lat' dir='ltr'><em>mihipraetendit</em></span> <span class='ocrx_word' id='word_1_244' title='bbox 1304 1302 1413 1352; x_wconf 65' lang='lat' dir='ltr'><em>Vesta</em></span> <span class='ocrx_word' id='word_1_245' title='bbox 1425 1306 1580 1359; x_wconf 87' lang='lat' dir='ltr'><em>Virgines</em></span> <span class='ocrx_word' id='word_1_246' title='bbox 1591 1333 1601 1348; x_wconf 86' lang='grc'><strong><em>,</em></strong></span> <span class='ocrx_word' id='word_1_247' title='bbox 1611 1305 1658 1348; x_wconf 68' lang='lat'><em>(9⁴</em></span> <span class='ocrx_word' id='word_1_248' title='bbox 1669 1305 1754 1346; x_wconf 85' lang='lat' dir='ltr'><em>Pal-</em></span> 
     </span>
     <span class='ocr_line' id='line_1_22' title="bbox 149 1356 1751 1417; baseline 0.004 -21"><span class='ocrx_word' id='word_1_249' title='bbox 149 1357 248 1400; x_wconf 74' lang='lat' dir='ltr'><em>gladis</em></span> <span class='ocrx_word' id='word_1_250' title='bbox 252 1357 458 1409; x_wconf 71' lang='lat' dir='ltr'><em>sacerdotes</em></span> <span class='ocrx_word' id='word_1_251' title='bbox 466 1365 482 1397; x_wconf 66' lang='grc' dir='ltr'><em>ἕ</em></span> <span class='ocrx_word' id='word_1_252' title='bbox 493 1359 614 1412; x_wconf 87' lang='lat' dir='ltr'><em>qualis</em></span> <span class='ocrx_word' id='word_1_253' title='bbox 625 1356 670 1404; x_wconf 73' lang='lat' dir='ltr'><em>est</em></span> <span class='ocrx_word' id='word_1_254' title='bbox 676 1357 749 1398; x_wconf 69' lang='lat' dir='ltr'><em>isia</em></span> <span class='ocrx_word' id='word_1_255' title='bbox 762 1371 835 1398; x_wconf 87' lang='lat' dir='ltr'><em>non</em></span> <span class='ocrx_word' id='word_1_256' title='bbox 845 1372 987 1399; x_wconf 86' lang='lat' dir='ltr'><em>morum</em></span> <span class='ocrx_word' id='word_1_257' title='bbox 995 1360 1181 1410; x_wconf 73' lang='lat' dir='ltr'><em>pudicitai</em></span> <span class='ocrx_word' id='word_1_258' title='bbox 1189 1359 1460 1414; x_wconf 72' lang='lat' dir='ltr'><em>‚sedannorum</em></span> <span class='ocrx_word' id='word_1_259' title='bbox 1471 1385 1482 1406; x_wconf 89' lang='lat'>,</span> <span class='ocrx_word' id='word_1_260' title='bbox 1497 1376 1575 1417; x_wconf 86' lang='lat' dir='ltr'><em>quae</em></span> <span class='ocrx_word' id='word_1_261' title='bbox 1584 1375 1657 1401; x_wconf 84' lang='lat' dir='ltr'><em>non</em></span> <span class='ocrx_word' id='word_1_262' title='bbox 1664 1373 1751 1414; x_wconf 86' lang='lat' dir='ltr'><em>per-</em></span> 
     </span>
     <span class='ocr_line' id='line_1_23' title="bbox 149 1413 1752 1471; baseline 0.003 -18"><span class='ocrx_word' id='word_1_263' title='bbox 149 1414 425 1468; x_wconf 56' lang='lat' dir='ltr'><em>petuitateffba&#39;</em></span> <span class='ocrx_word' id='word_1_264' title='bbox 431 1413 789 1469; x_wconf 79' lang='lat' dir='ltr'><em>aetatepraefiribitur</em></span> <span class='ocrx_word' id='word_1_265' title='bbox 798 1423 814 1454; x_wconf 85' lang='lat'><em>.‹&#39;</em></span> <span class='ocrx_word' id='word_1_266' title='bbox 820 1417 1051 1468; x_wconf 78' lang='lat' dir='ltr'><em>petulantior</em></span> <span class='ocrx_word' id='word_1_267' title='bbox 1061 1415 1115 1456; x_wconf 63' lang='lat' dir='ltr'><em>est</em></span> <span class='ocrx_word' id='word_1_268' title='bbox 1128 1417 1212 1456; x_wconf 83' lang='lat' dir='ltr'><em>talis</em></span> <span class='ocrx_word' id='word_1_269' title='bbox 1222 1420 1425 1470; x_wconf 82' lang='lat' dir='ltr'><em>integritas,</em></span> <span class='ocrx_word' id='word_1_270' title='bbox 1451 1423 1551 1460; x_wconf 86' lang='lat' dir='ltr'><em>cuius</em></span> <span class='ocrx_word' id='word_1_271' title='bbox 1565 1429 1752 1471; x_wconf 85' lang='lat' dir='ltr'><em>corrupte-</em></span> 
     </span>
     <span class='ocr_line' id='line_1_24' title="bbox 152 1469 1752 1532; baseline 0.003 -21"><span class='ocrx_word' id='word_1_272' title='bbox 152 1471 194 1511; x_wconf 86' lang='lat' dir='ltr'><em>la</em></span> <span class='ocrx_word' id='word_1_273' title='bbox 211 1469 352 1522; x_wconf 71' lang='lat' dir='ltr'><em>seniori</em></span> <span class='ocrx_word' id='word_1_274' title='bbox 350 1471 527 1526; x_wconf 73' lang='lat' dir='ltr'><em>seruatur</em></span> <span class='ocrx_word' id='word_1_275' title='bbox 536 1477 654 1514; x_wconf 81' lang='lat' dir='ltr'><em>aetati.</em></span> <span class='ocrx_word' id='word_1_276' title='bbox 689 1472 766 1523; x_wconf 75' lang='lat' dir='ltr'><em>Ipsi</em></span> <span class='ocrx_word' id='word_1_277' title='bbox 774 1471 903 1513; x_wconf 84' lang='lat' dir='ltr'><em>docent</em></span> <span class='ocrx_word' id='word_1_278' title='bbox 918 1475 1076 1528; x_wconf 87' lang='lat' dir='ltr'><em>Virgines</em></span> <span class='ocrx_word' id='word_1_279' title='bbox 1084 1473 1176 1528; x_wconf 76' lang='lat' dir='ltr'><em>suas</em></span> <span class='ocrx_word' id='word_1_280' title='bbox 1195 1487 1269 1514; x_wconf 87' lang='lat' dir='ltr'><em>non</em></span> <span class='ocrx_word' id='word_1_281' title='bbox 1292 1475 1675 1532; x_wconf 67' lang='lat' dir='ltr'><em>debereperseuerare,</em></span> <span class='ocrx_word' id='word_1_282' title='bbox 1688 1489 1752 1516; x_wconf 82' lang='lat' dir='ltr'><em>nec</em></span> 
     </span>
     <span class='ocr_line' id='line_1_25' title="bbox 151 1525 1757 1588; baseline 0.004 -23"><span class='ocrx_word' id='word_1_283' title='bbox 151 1525 245 1584; x_wconf 71' lang='lat' dir='ltr'><em>pcffi·</em></span> <span class='ocrx_word' id='word_1_284' title='bbox 255 1532 345 1583; x_wconf 54' lang='lat' dir='ltr'><em>„qui</em></span> <span class='ocrx_word' id='word_1_285' title='bbox 356 1529 680 1580; x_wconf 82' lang='lat' dir='ltr'><em>Virginitatifinem</em></span> <span class='ocrx_word' id='word_1_286' title='bbox 688 1529 882 1572; x_wconf 87' lang='lat' dir='ltr'><em>dederunt.</em></span> <span class='ocrx_word' id='word_1_287' title='bbox 912 1530 1054 1588; x_wconf 69' lang='lat' dir='ltr'><em>Qalts</em></span> <span class='ocrx_word' id='word_1_288' title='bbox 1064 1541 1185 1570; x_wconf 88' lang='lat' dir='ltr'><em>autem</em></span> <span class='ocrx_word' id='word_1_289' title='bbox 1194 1531 1248 1570; x_wconf 67' lang='lat' dir='ltr'><em>es‘l</em></span> <span class='ocrx_word' id='word_1_290' title='bbox 1259 1533 1396 1585; x_wconf 75' lang='lat' dir='ltr'><em>Religio</em></span> <span class='ocrx_word' id='word_1_291' title='bbox 1405 1557 1415 1576; x_wconf 88' lang='lat'>‚</span> <span class='ocrx_word' id='word_1_292' title='bbox 1439 1534 1507 1574; x_wconf 80' lang='lat' dir='ltr'><em>vbi</em></span> <span class='ocrx_word' id='word_1_293' title='bbox 1511 1534 1650 1586; x_wconf 79' lang='lat' dir='ltr'><em>pudicae</em></span> <span class='ocrx_word' id='word_1_294' title='bbox 1664 1532 1757 1573; x_wconf 70' lang='lat' dir='ltr'><em>ado,</em></span> 
     </span>
     <span class='ocr_line' id='line_1_26' title="bbox 151 1585 1755 1642; baseline 0.004 -16"><span class='ocrx_word' id='word_1_295' title='bbox 151 1585 319 1640; x_wconf 71' lang='lat' dir='ltr'><em>lescentes</em></span> <span class='ocrx_word' id='word_1_296' title='bbox 328 1585 499 1626; x_wconf 86' lang='lat' dir='ltr'><em>iubentur</em></span> <span class='ocrx_word' id='word_1_297' title='bbox 509 1585 570 1637; x_wconf 80' lang='lat' dir='ltr'><em>esse</em></span> <span class='ocrx_word' id='word_1_298' title='bbox 581 1590 627 1627; x_wconf 89' lang='lat' dir='ltr'><em>in.</em></span> <span class='ocrx_word' id='word_1_299' title='bbox 631 1587 770 1641; x_wconf 65' lang='lat' dir='ltr'><em>pudica</em></span> <span class='ocrx_word' id='word_1_300' title='bbox 776 1599 868 1627; x_wconf 81' lang='lat' dir='ltr'><em>anus</em></span> <span class='ocrx_word' id='word_1_301' title='bbox 875 1587 964 1641; x_wconf 66' lang='lat' dir='ltr'><em>s’ftd</em></span> <span class='ocrx_word' id='word_1_302' title='bbox 969 1602 1033 1627; x_wconf 86' lang='lat' dir='ltr'><em>nec</em></span> <span class='ocrx_word' id='word_1_303' title='bbox 1041 1588 1104 1627; x_wconf 89' lang='lat' dir='ltr'><em>illa</em></span> <span class='ocrx_word' id='word_1_304' title='bbox 1113 1587 1251 1640; x_wconf 64' lang='lat' dir='ltr'><em>pudica</em></span> <span class='ocrx_word' id='word_1_305' title='bbox 1262 1587 1306 1638; x_wconf 69' lang='lat' dir='ltr'><em>st</em></span> <span class='ocrx_word' id='word_1_306' title='bbox 1313 1618 1324 1634; x_wconf 90' lang='lat'><strong>,</strong></span> <span class='ocrx_word' id='word_1_307' title='bbox 1337 1603 1416 1642; x_wconf 80' lang='lat' dir='ltr'><em>quae</em></span> <span class='ocrx_word' id='word_1_308' title='bbox 1428 1591 1500 1642; x_wconf 87' lang='lat' dir='ltr'><em>lege</em></span> <span class='ocrx_word' id='word_1_309' title='bbox 1510 1600 1652 1631; x_wconf 86' lang='lat' dir='ltr'><em>tenetur</em></span> <span class='ocrx_word' id='word_1_310' title='bbox 1671 1618 1681 1634; x_wconf 94' lang='lat'><strong><em>‚</em></strong></span> <span class='ocrx_word' id='word_1_311' title='bbox 1707 1589 1755 1633; x_wconf 71' lang='grc' dir='ltr'><em>ὁ·</em></span> 
     </span>
     <span class='ocr_line' id='line_1_27' title="bbox 150 1642 1755 1705; baseline 0.001 -22"><span class='ocrx_word' id='word_1_312' title='bbox 150 1643 223 1683; x_wconf 81' lang='lat' dir='ltr'><em>illa</em></span> <span class='ocrx_word' id='word_1_313' title='bbox 233 1642 416 1695; x_wconf 86' lang='lat' dir='ltr'><em>impudica</em></span> <span class='ocrx_word' id='word_1_314' title='bbox 439 1657 518 1699; x_wconf 77' lang='lat' dir='ltr'><em>quae</em></span> <span class='ocrx_word' id='word_1_315' title='bbox 542 1644 615 1698; x_wconf 86' lang='lat' dir='ltr'><em>lege</em></span> <span class='ocrx_word' id='word_1_316' title='bbox 633 1644 854 1684; x_wconf 81' lang='lat' dir='ltr'><em>dimittitur.</em></span> <span class='ocrx_word' id='word_1_317' title='bbox 890 1647 922 1684; x_wconf 93' lang='grc' dir='ltr'><em>Ο</em></span> <span class='ocrx_word' id='word_1_318' title='bbox 950 1645 1138 1705; x_wconf 63' lang='lat' dir='ltr'><em>Myfieria</em></span> <span class='ocrx_word' id='word_1_319' title='bbox 1147 1674 1157 1690; x_wconf 92' lang='lat'>,</span> <span class='ocrx_word' id='word_1_320' title='bbox 1173 1642 1318 1686; x_wconf 59' lang='lat' dir='ltr'><em>amores</em></span> <span class='ocrx_word' id='word_1_321' title='bbox 1332 1669 1344 1690; x_wconf 87' lang='lat'>‚</span> <span class='ocrx_word' id='word_1_322' title='bbox 1368 1647 1438 1686; x_wconf 87' lang='lat' dir='ltr'><em>vbi</em></span> <span class='ocrx_word' id='word_1_323' title='bbox 1451 1646 1630 1702; x_wconf 77' lang='lat' dir='ltr'><em>necfftas</em></span> <span class='ocrx_word' id='word_1_324' title='bbox 1639 1649 1755 1698; x_wconf 87' lang='lat' dir='ltr'><em>impo-</em></span> 
     </span>
     <span class='ocr_line' id='line_1_28' title="bbox 154 1698 972 1745; baseline 0.004 -6"><span class='ocrx_word' id='word_1_325' title='bbox 154 1698 259 1743; x_wconf 82' lang='lat' dir='ltr'><em>nitur</em></span> <span class='ocrx_word' id='word_1_326' title='bbox 267 1699 433 1743; x_wconf 66' lang='lat' dir='ltr'><em>castitati</em></span> <span class='ocrx_word' id='word_1_327' title='bbox 442 1723 454 1744; x_wconf 85' lang='lat'><em>,</em></span> <span class='ocrx_word' id='word_1_328' title='bbox 464 1701 664 1742; x_wconf 66' lang='lat' dir='ltr'><em>aufioritas</em></span> <span class='ocrx_word' id='word_1_329' title='bbox 678 1701 825 1742; x_wconf 85' lang='lat' dir='ltr'><em>libidini</em></span> <span class='ocrx_word' id='word_1_330' title='bbox 834 1703 947 1745; x_wconf 84' lang='lat' dir='ltr'><em>datur</em></span> <span class='ocrx_word' id='word_1_331' title='bbox 963 1733 972 1742; x_wconf 92' lang='lat'><strong>.</strong></span> 
     </span>
     <span class='ocr_line' id='line_1_29' title="bbox 211 1756 1758 1815; baseline 0.003 -19"><span class='ocrx_word' id='word_1_332' title='bbox 211 1756 430 1810; x_wconf 88' lang='lat' dir='ltr'><em>Perpetuus</em></span> <span class='ocrx_word' id='word_1_333' title='bbox 442 1784 452 1799; x_wconf 87' lang='lat'><strong>‚</strong></span> <span class='ocrx_word' id='word_1_334' title='bbox 463 1756 702 1812; x_wconf 84' lang='lat' dir='ltr'><em>aetetnusque</em></span> <span class='ocrx_word' id='word_1_335' title='bbox 716 1757 813 1810; x_wconf 84' lang='lat' dir='ltr'><em>ignis</em></span> <span class='ocrx_word' id='word_1_336' title='bbox 829 1759 867 1798; x_wconf 86' lang='lat' dir='ltr'><em>in</em></span> <span class='ocrx_word' id='word_1_337' title='bbox 882 1757 1030 1812; x_wconf 86' lang='lat' dir='ltr'><em>templo</em></span> <span class='ocrx_word' id='word_1_338' title='bbox 1041 1757 1166 1800; x_wconf 84' lang='lat' dir='ltr'><em>Vestae</em></span> <span class='ocrx_word' id='word_1_339' title='bbox 1181 1781 1191 1800; x_wconf 67' lang='lat'>2</span> <span class='ocrx_word' id='word_1_340' title='bbox 1218 1769 1412 1814; x_wconf 81' lang='lat' dir='ltr'><em>tamquam</em></span> <span class='ocrx_word' id='word_1_341' title='bbox 1430 1759 1585 1815; x_wconf 85' lang='lat' dir='ltr'><em>Imperij</em></span> <span class='ocrx_word' id='word_1_342' title='bbox 1598 1758 1758 1800; x_wconf 85' lang='lat' dir='ltr'><em>certiffi-</em></span> 
     </span>
     <span class='ocr_line' id='line_1_30' title="bbox 152 1811 1757 1869; baseline 0.002 -18"><span class='ocrx_word' id='word_1_343' title='bbox 152 1823 254 1852; x_wconf 86' lang='lat' dir='ltr'><em>mum</em></span> <span class='ocrx_word' id='word_1_344' title='bbox 268 1821 405 1868; x_wconf 82' lang='lat' dir='ltr'><em>pignus</em></span> <span class='ocrx_word' id='word_1_345' title='bbox 423 1811 700 1868; x_wconf 82' lang='lat' dir='ltr'><em>afferuabatur-</em></span> <span class='ocrx_word' id='word_1_346' title='bbox 718 1813 802 1856; x_wconf 75' lang='lat' dir='ltr'><em>Vai.</em></span> <span class='ocrx_word' id='word_1_347' title='bbox 822 1814 878 1855; x_wconf 90' lang='lat' dir='ltr'><em>M.</em></span> <span class='ocrx_word' id='word_1_348' title='bbox 891 1814 947 1854; x_wconf 87' lang='lat' dir='ltr'><em>lib</em></span> <span class='ocrx_word' id='word_1_349' title='bbox 976 1827 995 1865; x_wconf 85' lang='grc' dir='ltr'><em>ς</em></span> <span class='ocrx_word' id='word_1_350' title='bbox 1009 1828 1096 1868; x_wconf 87' lang='lat' dir='ltr'><em>cap.</em></span> <span class='ocrx_word' id='word_1_351' title='bbox 1110 1830 1149 1863; x_wconf 89' lang='lat'><em>4.</em></span> <span class='ocrx_word' id='word_1_352' title='bbox 1167 1819 1224 1856; x_wconf 86' lang='lat' dir='ltr'><em>tit.</em></span> <span class='ocrx_word' id='word_1_353' title='bbox 1243 1821 1278 1856; x_wconf 89' lang='lat'><em>6.</em></span> <span class='ocrx_word' id='word_1_354' title='bbox 1315 1817 1445 1857; x_wconf 81' lang='lat' dir='ltr'><em>Liuius</em></span> <span class='ocrx_word' id='word_1_355' title='bbox 1458 1820 1578 1869; x_wconf 85' lang='lat' dir='ltr'><em>prima</em></span> <span class='ocrx_word' id='word_1_356' title='bbox 1606 1817 1757 1857; x_wconf 88' lang='lat' dir='ltr'><em>Decad.</em></span> 
     </span>
     <span class='ocr_line' id='line_1_31' title="bbox 89 1869 1758 1932; baseline 0 -23"><span class='ocrx_word' id='word_1_357' title='bbox 89 1881 137 1932; x_wconf 79' lang='lat' dir='ltr'>C</span> <span class='ocrx_word' id='word_1_358' title='bbox 154 1869 220 1909; x_wconf 89' lang='lat' dir='ltr'><em>lib.</em></span> <span class='ocrx_word' id='word_1_359' title='bbox 239 1882 256 1919; x_wconf 88' lang='grc' dir='ltr'>ς</span> <span class='ocrx_word' id='word_1_360' title='bbox 276 1872 346 1910; x_wconf 86' lang='lat' dir='ltr'><em>ait.</em></span> <span class='ocrx_word' id='word_1_361' title='bbox 380 1870 544 1928; x_wconf 79' lang='lat' dir='ltr'><em>Qida&#39;e</em></span> <span class='ocrx_word' id='word_1_362' title='bbox 552 1874 694 1912; x_wconf 54' lang='lat' dir='ltr'><em>oeternis</em></span> <span class='ocrx_word' id='word_1_363' title='bbox 707 1870 815 1912; x_wconf 75' lang='lat' dir='ltr'><em>Veftae</em></span> <span class='ocrx_word' id='word_1_364' title='bbox 828 1871 986 1921; x_wconf 76' lang='lat' dir='ltr'><em>ignibus,</em></span> <span class='ocrx_word' id='word_1_365' title='bbox 990 1872 1164 1924; x_wconf 72' lang='lat' dir='ltr'><em>fignoque</em></span> <span class='ocrx_word' id='word_1_366' title='bbox 1179 1900 1188 1913; x_wconf 90' lang='lat'>,</span> <span class='ocrx_word' id='word_1_367' title='bbox 1206 1872 1307 1925; x_wconf 87' lang='lat' dir='ltr'><em>quod</em></span> <span class='ocrx_word' id='word_1_368' title='bbox 1316 1874 1466 1926; x_wconf 57' lang='lat' dir='ltr'><em>Imperii</em></span> <span class='ocrx_word' id='word_1_369' title='bbox 1474 1876 1604 1926; x_wconf 83' lang='lat' dir='ltr'><em>pignus</em></span> <span class='ocrx_word' id='word_1_370' title='bbox 1620 1897 1630 1916; x_wconf 87' lang='lat'><em>,</em></span> <span class='ocrx_word' id='word_1_371' title='bbox 1641 1873 1758 1913; x_wconf 69' lang='lat' dir='ltr'><em>cufio-</em></span> 
     </span>
     <span class='ocr_line' id='line_1_32' title="bbox 152 1925 1757 1980; baseline 0.002 -14"><span class='ocrx_word' id='word_1_372' title='bbox 152 1925 298 1967; x_wconf 76' lang='lat' dir='ltr'><em>diaetas</em></span> <span class='ocrx_word' id='word_1_373' title='bbox 309 1928 432 1978; x_wconf 85' lang='lat' dir='ltr'><em>templi</em></span> <span class='ocrx_word' id='word_1_374' title='bbox 442 1936 585 1968; x_wconf 86' lang='lat' dir='ltr'><em>tenetur</em></span> <span class='ocrx_word' id='word_1_375' title='bbox 598 1961 606 1968; x_wconf 87' lang='lat'><em>.</em></span> <span class='ocrx_word' id='word_1_376' title='bbox 622 1929 726 1968; x_wconf 83' lang='lat' dir='ltr'><em>idem</em></span> <span class='ocrx_word' id='word_1_377' title='bbox 746 1927 895 1968; x_wconf 84' lang='lat' dir='ltr'><em>Decad.</em></span> <span class='ocrx_word' id='word_1_378' title='bbox 912 1941 935 1980; x_wconf 83' lang='lat'>3</span> <span class='ocrx_word' id='word_1_379' title='bbox 962 1928 1029 1968; x_wconf 87' lang='lat' dir='ltr'><em>lib.</em></span> <span class='ocrx_word' id='word_1_380' title='bbox 1044 1932 1080 1966; x_wconf 88' lang='lat'><em>6.</em></span> <span class='ocrx_word' id='word_1_381' title='bbox 1112 1927 1220 1968; x_wconf 70' lang='lat' dir='ltr'><em>Veflae</em></span> <span class='ocrx_word' id='word_1_382' title='bbox 1230 1928 1336 1969; x_wconf 78' lang='lat' dir='ltr'><em>aedem</em></span> <span class='ocrx_word' id='word_1_383' title='bbox 1345 1932 1501 1980; x_wconf 83' lang='lat' dir='ltr'><em>petitam</em></span> <span class='ocrx_word' id='word_1_384' title='bbox 1517 1953 1528 1972; x_wconf 83' lang='lat'>‚</span> <span class='ocrx_word' id='word_1_385' title='bbox 1545 1930 1592 1973; x_wconf 54' lang='grc' dir='ltr'><em>(θ’</em></span> <span class='ocrx_word' id='word_1_386' title='bbox 1609 1940 1757 1971; x_wconf 79' lang='lat' dir='ltr'><em>aeternos</em></span> 
     </span>
     <span class='ocr_line' id='line_1_33' title="bbox 152 1983 1755 2041; baseline 0.003 -18"><span class='ocrx_word' id='word_1_387' title='bbox 152 1985 267 2037; x_wconf 80' lang='lat' dir='ltr'><em>ignes.</em></span> <span class='ocrx_word' id='word_1_388' title='bbox 298 1983 421 2024; x_wconf 86' lang='lat' dir='ltr'><em>Hunc</em></span> <span class='ocrx_word' id='word_1_389' title='bbox 437 1998 560 2040; x_wconf 74' lang='lat' dir='ltr'><em>ignem</em></span> <span class='ocrx_word' id='word_1_390' title='bbox 578 1984 745 2026; x_wconf 87' lang='lat' dir='ltr'><em>Vestales</em></span> <span class='ocrx_word' id='word_1_391' title='bbox 754 1983 1050 2027; x_wconf 74' lang='lat' dir='ltr'><em>custodiebant,</em></span> <span class='ocrx_word' id='word_1_392' title='bbox 1067 1983 1115 2024; x_wconf 88' lang='lat' dir='ltr'><em>de</em></span> <span class='ocrx_word' id='word_1_393' title='bbox 1133 1986 1273 2039; x_wconf 75' lang='lat' dir='ltr'><em>quibus</em></span> <span class='ocrx_word' id='word_1_394' title='bbox 1285 1987 1409 2027; x_wconf 81' lang='lat' dir='ltr'><em>Ouid.</em></span> <span class='ocrx_word' id='word_1_395' title='bbox 1422 1987 1517 2041; x_wconf 84' lang='lat' dir='ltr'><em>eleg.</em></span> <span class='ocrx_word' id='word_1_396' title='bbox 1532 1999 1570 2028; x_wconf 86' lang='lat'><em>2.</em></span> <span class='ocrx_word' id='word_1_397' title='bbox 1583 1987 1647 2036; x_wconf 82' lang='lat' dir='ltr'><strong>l-4.</strong></span> <span class='ocrx_word' id='word_1_398' title='bbox 1662 1987 1755 2028; x_wconf 88' lang='lat' dir='ltr'><em>trist.</em></span> 
     </span>
     <span class='ocr_line' id='line_1_34' title="bbox 400 2040 965 2081; baseline -0.002 0"><span class='ocrx_word' id='word_1_399' title='bbox 400 2051 406 2069; x_wconf 68' lang='grc' dir='ltr'><em>Ι</em></span> <span class='ocrx_word' id='word_1_400' title='bbox 838 2040 965 2081; x_wconf 62' lang='lat' dir='ltr'><em>Cassios</em></span> 
     </span>
     <span class='ocr_line' id='line_1_35' title="bbox 385 2097 1090 2154; baseline -0.003 -14"><span class='ocrx_word' id='word_1_401' title='bbox 385 2101 558 2152; x_wconf 84' lang='lat' dir='ltr'><em>Perpetua</em></span> <span class='ocrx_word' id='word_1_402' title='bbox 562 2098 951 2154; x_wconf 72' lang='lat' dir='ltr'><em>seruantvirgtnitate</em></span> <span class='ocrx_word' id='word_1_403' title='bbox 953 2097 1061 2151; x_wconf 77' lang='lat' dir='ltr'><em>jocos</em></span> <span class='ocrx_word' id='word_1_404' title='bbox 1077 2128 1090 2150; x_wconf 27' lang='grc' dir='ltr'><em>,Γ</em></span> 
     </span>
     <span class='ocr_line' id='line_1_36' title="bbox 155 2153 1756 2212; baseline 0.002 -17"><span class='ocrx_word' id='word_1_405' title='bbox 155 2155 252 2196; x_wconf 90' lang='lat' dir='ltr'><em>Nec</em></span> <span class='ocrx_word' id='word_1_406' title='bbox 268 2154 374 2196; x_wconf 87' lang='lat' dir='ltr'><em>illum</em></span> <span class='ocrx_word' id='word_1_407' title='bbox 388 2159 425 2196; x_wconf 90' lang='lat' dir='ltr'><em>in</em></span> <span class='ocrx_word' id='word_1_408' title='bbox 438 2156 618 2197; x_wconf 84' lang='lat' dir='ltr'><em>altaribus</em></span> <span class='ocrx_word' id='word_1_409' title='bbox 638 2178 650 2199; x_wconf 86' lang='lat'><strong><em>‚</em></strong></span> <span class='ocrx_word' id='word_1_410' title='bbox 669 2153 734 2196; x_wconf 89' lang='lat' dir='ltr'><em>sed</em></span> <span class='ocrx_word' id='word_1_411' title='bbox 757 2153 966 2208; x_wconf 87' lang='lat' dir='ltr'><em>suspensum</em></span> <span class='ocrx_word' id='word_1_412' title='bbox 978 2162 1015 2197; x_wconf 87' lang='lat' dir='ltr'><em>in</em></span> <span class='ocrx_word' id='word_1_413' title='bbox 1029 2154 1184 2197; x_wconf 74' lang='lat' dir='ltr'><em>vasculis</em></span> <span class='ocrx_word' id='word_1_414' title='bbox 1196 2154 1423 2212; x_wconf 89' lang='lat' dir='ltr'><em>quibusdam</em></span> <span class='ocrx_word' id='word_1_415' title='bbox 1449 2158 1628 2200; x_wconf 66' lang='lat' dir='ltr'><em>milibus</em></span> <span class='ocrx_word' id='word_1_416' title='bbox 1639 2157 1756 2199; x_wconf 81' lang='lat' dir='ltr'><em>refert</em></span> 
     </span>
     <span class='ocr_line' id='line_1_37' title="bbox 155 2212 1755 2270; baseline 0.002 -17"><span class='ocrx_word' id='word_1_417' title='bbox 155 2212 246 2256; x_wconf 75' lang='lat' dir='ltr'><em>Val·</em></span> <span class='ocrx_word' id='word_1_418' title='bbox 266 2212 376 2254; x_wconf 82' lang='lat' dir='ltr'><em>Max.</em></span> <span class='ocrx_word' id='word_1_419' title='bbox 390 2213 458 2254; x_wconf 89' lang='lat' dir='ltr'><em>lib.</em></span> <span class='ocrx_word' id='word_1_420' title='bbox 472 2228 502 2262; x_wconf 89' lang='lat'>4</span> <span class='ocrx_word' id='word_1_421' title='bbox 512 2227 587 2269; x_wconf 87' lang='lat' dir='ltr'><em>cap</em></span> <span class='ocrx_word' id='word_1_422' title='bbox 609 2227 646 2261; x_wconf 91' lang='lat'><em>4.</em></span> <span class='ocrx_word' id='word_1_423' title='bbox 661 2218 697 2254; x_wconf 88' lang='lat' dir='ltr'><em>in</em></span> <span class='ocrx_word' id='word_1_424' title='bbox 714 2213 780 2255; x_wconf 86' lang='lat' dir='ltr'><em>fin.</em></span> <span class='ocrx_word' id='word_1_425' title='bbox 811 2215 987 2267; x_wconf 85' lang='lat' dir='ltr'><em>Namque</em></span> <span class='ocrx_word' id='word_1_426' title='bbox 997 2225 1065 2267; x_wconf 86' lang='lat' dir='ltr'><em>per</em></span> <span class='ocrx_word' id='word_1_427' title='bbox 1079 2214 1222 2255; x_wconf 81' lang='lat' dir='ltr'><em>Romuli</em></span> <span class='ocrx_word' id='word_1_428' title='bbox 1234 2214 1350 2268; x_wconf 73' lang='lat' dir='ltr'><em>casam</em></span> <span class='ocrx_word' id='word_1_429' title='bbox 1360 2244 1369 2258; x_wconf 96' lang='lat'>‚</span> <span class='ocrx_word' id='word_1_430' title='bbox 1384 2225 1524 2270; x_wconf 86' lang='lat' dir='ltr'><em>perque</em></span> <span class='ocrx_word' id='word_1_431' title='bbox 1535 2218 1670 2256; x_wconf 84' lang='lat' dir='ltr'><em>veteris</em></span> <span class='ocrx_word' id='word_1_432' title='bbox 1681 2220 1755 2256; x_wconf 85' lang='lat' dir='ltr'><em>Ca-</em></span> 
     </span>
     <span class='ocr_line' id='line_1_38' title="bbox 152 2268 1754 2325; baseline 0.003 -18"><span class='ocrx_word' id='word_1_433' title='bbox 152 2268 278 2322; x_wconf 64' lang='lat' dir='ltr'><em>pitoly&#39;</em></span> <span class='ocrx_word' id='word_1_434' title='bbox 289 2268 444 2310; x_wconf 82' lang='lat' dir='ltr'><em>humilia</em></span> <span class='ocrx_word' id='word_1_435' title='bbox 459 2271 614 2315; x_wconf 51' lang='lat' dir='ltr'><em>tecvm&amp;</em></span> <span class='ocrx_word' id='word_1_436' title='bbox 625 2281 771 2313; x_wconf 76' lang='lat' dir='ltr'><em>aeternos</em></span> <span class='ocrx_word' id='word_1_437' title='bbox 786 2269 999 2321; x_wconf 71' lang='lat' dir='ltr'><em>Veflaejbcos</em></span> <span class='ocrx_word' id='word_1_438' title='bbox 1011 2270 1210 2325; x_wconf 69' lang='lat' dir='ltr'><em>‚fiHilibus</em></span> <span class='ocrx_word' id='word_1_439' title='bbox 1223 2274 1332 2311; x_wconf 87' lang='lat' dir='ltr'><em>etiam</em></span> <span class='ocrx_word' id='word_1_440' title='bbox 1349 2272 1449 2323; x_wconf 82' lang='lat' dir='ltr'><em>vasts</em></span> <span class='ocrx_word' id='word_1_441' title='bbox 1462 2281 1643 2312; x_wconf 88' lang='lat' dir='ltr'><em>contentos</em></span> <span class='ocrx_word' id='word_1_442' title='bbox 1655 2274 1754 2312; x_wconf 88' lang='lat' dir='ltr'><em>iuro.</em></span> 
     </span>
     <span class='ocr_line' id='line_1_39' title="bbox 160 2325 1758 2385; baseline 0.002 -19"><span class='ocrx_word' id='word_1_443' title='bbox 160 2327 295 2366; x_wconf 71' lang='lat' dir='ltr'><em>Tantfi</em></span> <span class='ocrx_word' id='word_1_444' title='bbox 313 2325 464 2367; x_wconf 85' lang='lat' dir='ltr'><em>fiduciae</em></span> <span class='ocrx_word' id='word_1_445' title='bbox 475 2332 510 2368; x_wconf 88' lang='lat' dir='ltr'><em>in</em></span> <span class='ocrx_word' id='word_1_446' title='bbox 525 2328 604 2367; x_wconf 88' lang='lat' dir='ltr'><em>hoc</em></span> <span class='ocrx_word' id='word_1_447' title='bbox 618 2331 705 2382; x_wconf 84' lang='lat' dir='ltr'><em>igne</em></span> <span class='ocrx_word' id='word_1_448' title='bbox 721 2339 860 2372; x_wconf 82' lang='lat' dir='ltr'><em>erat‚vt</em></span> <span class='ocrx_word' id='word_1_449' title='bbox 875 2334 1103 2382; x_wconf 83' lang='lat' dir='ltr'><em>oportuerit</em></span> <span class='ocrx_word' id='word_1_450' title='bbox 1113 2331 1160 2369; x_wconf 74' lang='lat' dir='ltr'><em>eii</em></span> <span class='ocrx_word' id='word_1_451' title='bbox 1176 2330 1343 2385; x_wconf 69' lang='lat' dir='ltr'><em>numqua</em></span> <span class='ocrx_word' id='word_1_452' title='bbox 1357 2329 1674 2385; x_wconf 85' lang='lat' dir='ltr'><em>extingui.0uid.</em></span> <span class='ocrx_word' id='word_1_453' title='bbox 1696 2328 1758 2372; x_wconf 80' lang='lat' dir='ltr'>6.f.</span> 
     </span>
     <span class='ocr_line' id='line_1_40' title="bbox 381 2385 1189 2437; baseline 0.005 -14"><span class='ocrx_word' id='word_1_454' title='bbox 381 2386 478 2436; x_wconf 85' lang='lat' dir='ltr'><em>Ignis</em></span> <span class='ocrx_word' id='word_1_455' title='bbox 490 2387 717 2426; x_wconf 66' lang='lat' dir='ltr'><em>inextinctus</em></span> <span class='ocrx_word' id='word_1_456' title='bbox 728 2385 858 2437; x_wconf 86' lang='lat' dir='ltr'><em>templo</em></span> <span class='ocrx_word' id='word_1_457' title='bbox 872 2387 1009 2426; x_wconf 86' lang='lat' dir='ltr'><em>celatur</em></span> <span class='ocrx_word' id='word_1_458' title='bbox 1024 2389 1063 2426; x_wconf 85' lang='lat' dir='ltr'><em>in</em></span> <span class='ocrx_word' id='word_1_459' title='bbox 1079 2386 1140 2426; x_wconf 85' lang='lat' dir='ltr'><em>illo</em></span> <span class='ocrx_word' id='word_1_460' title='bbox 1152 2416 1162 2427; x_wconf 89' lang='lat'><strong>.</strong></span> <span class='ocrx_word' id='word_1_461' title='bbox 1184 2406 1189 2410; x_wconf 53' lang='lat'><em>⁷</em></span> 
     </span>
    </p>

    <p class='ocr_par' dir='ltr' id='par_1_3' title="bbox 156 2440 1754 2596">
     <span class='ocr_line' id='line_1_41' title="bbox 156 2440 1754 2499; baseline 0.004 -22"><span class='ocrx_word' id='word_1_462' title='bbox 156 2440 206 2481; x_wconf 81' lang='lat' dir='ltr'><em>Et</em></span> <span class='ocrx_word' id='word_1_463' title='bbox 218 2452 421 2494; x_wconf 87' lang='lat' dir='ltr'><em>numquam</em></span> <span class='ocrx_word' id='word_1_464' title='bbox 438 2441 511 2482; x_wconf 81' lang='lat' dir='ltr'><em>sine</em></span> <span class='ocrx_word' id='word_1_465' title='bbox 524 2444 707 2498; x_wconf 86' lang='lat' dir='ltr'><em>prodigio</em></span> <span class='ocrx_word' id='word_1_466' title='bbox 720 2441 956 2483; x_wconf 87' lang='lat' dir='ltr'><em>credebatur</em></span> <span class='ocrx_word' id='word_1_467' title='bbox 969 2444 1161 2498; x_wconf 80' lang='lat' dir='ltr'><em>extingui,</em></span> <span class='ocrx_word' id='word_1_468' title='bbox 1186 2443 1296 2499; x_wconf 90' lang='lat' dir='ltr'><em>quod</em></span> <span class='ocrx_word' id='word_1_469' title='bbox 1311 2446 1479 2499; x_wconf 85' lang='lat' dir='ltr'><em>contigit</em></span> <span class='ocrx_word' id='word_1_470' title='bbox 1504 2455 1596 2485; x_wconf 87' lang='lat' dir='ltr'><em>ante</em></span> <span class='ocrx_word' id='word_1_471' title='bbox 1623 2444 1754 2484; x_wconf 75' lang='lat' dir='ltr'><em>initia..</em></span> 
     </span>
     <span class='ocr_line' id='line_1_42' title="bbox 160 2495 1754 2596; baseline 0.003 -60"><span class='ocrx_word' id='word_1_472' title='bbox 160 2495 355 2536; x_wconf 82' lang='lat' dir='ltr'><em>bellorum</em></span> <span class='ocrx_word' id='word_1_473' title='bbox 365 2499 533 2596; x_wconf 62' lang='lat' dir='ltr'><em>Ciumulm</em></span> <span class='ocrx_word' id='word_1_474' title='bbox 545 2528 554 2541; x_wconf 92' lang='lat'>‚</span> <span class='ocrx_word' id='word_1_475' title='bbox 570 2505 828 2556; x_wconf 85' lang='lat' dir='ltr'><em>motaq;inter</em></span> <span class='ocrx_word' id='word_1_476' title='bbox 838 2499 1022 2542; x_wconf 70' lang='lat' dir='ltr'><em>Caesarem</em></span> <span class='ocrx_word' id='word_1_477' title='bbox 1037 2523 1049 2544; x_wconf 82' lang='lat'>‚</span> <span class='ocrx_word' id='word_1_478' title='bbox 1075 2502 1117 2541; x_wconf 86' lang='lat'>&amp;</span> <span class='ocrx_word' id='word_1_479' title='bbox 1133 2502 1359 2556; x_wconf 85' lang='lat' dir='ltr'><em>Pompeium</em></span> <span class='ocrx_word' id='word_1_480' title='bbox 1371 2515 1472 2543; x_wconf 82' lang='lat' dir='ltr'><em>arma</em></span> <span class='ocrx_word' id='word_1_481' title='bbox 1482 2511 1625 2556; x_wconf 81' lang='lat' dir='ltr'><em>praeter</em></span> <span class='ocrx_word' id='word_1_482' title='bbox 1634 2499 1754 2541; x_wconf 80' lang='lat' dir='ltr'><em>histo-</em></span> 
     </span>
    </p>

    <p class='ocr_par' dir='ltr' id='par_1_4' title="bbox 161 2555 1553 2597">
     <span class='ocr_line' id='line_1_43' title="bbox 161 2555 1553 2597; baseline 0.005 -4"><span class='ocrx_word' id='word_1_483' title='bbox 161 2555 266 2593; x_wconf 76' lang='lat' dir='ltr'><em>ticos</em></span> <span class='ocrx_word' id='word_1_484' title='bbox 279 2575 290 2596; x_wconf 71' lang='lat'><em>2</em></span> <span class='ocrx_word' id='word_1_485' title='bbox 304 2555 477 2596; x_wconf 80' lang='lat' dir='ltr'><em>Lucanus</em></span> <span class='ocrx_word' id='word_1_486' title='bbox 508 2556 557 2595; x_wconf 91' lang='lat' dir='ltr'><em>ib.</em></span> <span class='ocrx_word' id='word_1_487' title='bbox 578 2571 611 2597; x_wconf 88' lang='lat'><em>1.</em></span> <span class='ocrx_word' id='word_1_488' title='bbox 1551 2559 1553 2561; x_wconf 65' lang='grc'>’</span> 
     </span>
    </p>
   </div>
   <div class='ocr_carea' id='block_1_3' title="bbox 686 2063 807 2072">
    <p class='ocr_par' dir='ltr' id='par_1_5' title="bbox 686 2063 807 2072">
     <span class='ocr_line' id='line_1_44' title="bbox 686 2063 807 2072; baseline 0 0"><span class='ocrx_word' id='word_1_489' title='bbox 686 2063 807 2072; x_wconf 95' lang='lat' dir='ltr'><em> </em></span> 
     </span>
    </p>
   </div>
   <div class='ocr_carea' id='block_1_4' title="bbox 560 2064 681 2075">
    <p class='ocr_par' dir='ltr' id='par_1_6' title="bbox 560 2064 681 2075">
     <span class='ocr_line' id='line_1_45' title="bbox 560 2064 681 2075; baseline 0 1405"><span class='ocrx_word' id='word_1_490' title='bbox 560 2064 681 2075; x_wconf 95' lang='lat' dir='ltr'><em> </em></span> 
     </span>
    </p>
   </div>
   <div class='ocr_carea' id='block_1_5' title="bbox 451 2635 574 2645">
    <p class='ocr_par' dir='ltr' id='par_1_7' title="bbox 451 2635 574 2645">
     <span class='ocr_line' id='line_1_46' title="bbox 451 2635 574 2645; baseline 0 0"><span class='ocrx_word' id='word_1_491' title='bbox 451 2635 574 2645; x_wconf 95' lang='lat' dir='ltr'><em> </em></span> 
     </span>
    </p>
   </div>
   <div class='ocr_carea' id='block_1_6' title="bbox 576 2636 701 2647">
    <p class='ocr_par' dir='ltr' id='par_1_8' title="bbox 576 2636 701 2647">
     <span class='ocr_line' id='line_1_47' title="bbox 576 2636 701 2647; baseline 0 0"><span class='ocrx_word' id='word_1_492' title='bbox 576 2636 701 2647; x_wconf 95' lang='lat' dir='ltr'><em> </em></span> 
     </span>
    </p>
   </div>
   <div class='ocr_carea' id='block_1_7' title="bbox 90 2617 1762 3343">
    <p class='ocr_par' dir='ltr' id='par_1_9' title="bbox 90 2617 1762 3343">
     <span class='ocr_line' id='line_1_48' title="bbox 728 2617 1132 2671; baseline -0.007 -12"><span class='ocrx_word' id='word_1_493' title='bbox 728 2617 862 2659; x_wconf 65' lang='lat' dir='ltr'><em>venali</em></span> <span class='ocrx_word' id='word_1_494' title='bbox 868 2627 997 2671; x_wconf 82' lang='lat' dir='ltr'><em>raptus</em></span> <span class='ocrx_word' id='word_1_495' title='bbox 1006 2619 1053 2658; x_wconf 88' lang='lat' dir='ltr'><em>ab</em></span> <span class='ocrx_word' id='word_1_496' title='bbox 1065 2628 1132 2658; x_wconf 85' lang='lat' dir='ltr'><em>ara</em></span> 
     </span>
     <span class='ocr_line' id='line_1_49' title="bbox 396 2671 1296 2728; baseline 0.001 -14"><span class='ocrx_word' id='word_1_497' title='bbox 396 2677 492 2728; x_wconf 84' lang='lat' dir='ltr'><em>Ignis</em></span> <span class='ocrx_word' id='word_1_498' title='bbox 503 2698 514 2716; x_wconf 79' lang='lat'>‚</span> <span class='ocrx_word' id='word_1_499' title='bbox 530 2675 577 2718; x_wconf 66' lang='grc' dir='ltr'><em>ὠ·</em></span> <span class='ocrx_word' id='word_1_500' title='bbox 590 2671 774 2715; x_wconf 62' lang='lat' dir='ltr'><em>ostendens</em></span> <span class='ocrx_word' id='word_1_501' title='bbox 784 2673 1115 2728; x_wconf 65' lang='lat' dir='ltr'><em>confiffiosflamma</em></span> <span class='ocrx_word' id='word_1_502' title='bbox 1128 2674 1275 2714; x_wconf 82' lang='lat' dir='ltr'><em>Latinos</em></span> <span class='ocrx_word' id='word_1_503' title='bbox 1286 2705 1296 2715; x_wconf 95' lang='lat'><strong><em>.</em></strong></span> 
     </span>
     <span class='ocr_line' id='line_1_50' title="bbox 90 2730 1330 2796; baseline 0 -24"><span class='ocrx_word' id='word_1_504' title='bbox 90 2742 143 2796; x_wconf 85' lang='lat' dir='ltr'>D</span> <span class='ocrx_word' id='word_1_505' title='bbox 389 2733 575 2774; x_wconf 82' lang='lat' dir='ltr'><em>Scinditur</em></span> <span class='ocrx_word' id='word_1_506' title='bbox 587 2734 626 2770; x_wconf 91' lang='lat' dir='ltr'><em>in</em></span> <span class='ocrx_word' id='word_1_507' title='bbox 639 2740 762 2784; x_wconf 84' lang='lat' dir='ltr'><em>partes</em></span> <span class='ocrx_word' id='word_1_508' title='bbox 771 2756 782 2776; x_wconf 81' lang='lat'><em>‚</em></span> <span class='ocrx_word' id='word_1_509' title='bbox 785 2734 999 2786; x_wconf 82' lang='lat' dir='ltr'><em>geminoque</em></span> <span class='ocrx_word' id='word_1_510' title='bbox 1008 2734 1188 2772; x_wconf 85' lang='lat' dir='ltr'><em>cacumine</em></span> <span class='ocrx_word' id='word_1_511' title='bbox 1185 2730 1309 2785; x_wconf 77' lang='lat' dir='ltr'><em>surgit</em></span> <span class='ocrx_word' id='word_1_512' title='bbox 1322 2763 1330 2772; x_wconf 89' lang='lat'><strong><em>.</em></strong></span> 
     </span>
     <span class='ocr_line' id='line_1_51' title="bbox 166 2785 1757 2845; baseline -0.003 -15"><span class='ocrx_word' id='word_1_513' title='bbox 166 2789 293 2845; x_wconf 76' lang='lat' dir='ltr'><em>Qsod</em></span> <span class='ocrx_word' id='word_1_514' title='bbox 310 2785 374 2830; x_wconf 81' lang='lat' dir='ltr'><em>vbi</em></span> <span class='ocrx_word' id='word_1_515' title='bbox 390 2791 633 2844; x_wconf 82' lang='lat' dir='ltr'><em>contigerat,</em></span> <span class='ocrx_word' id='word_1_516' title='bbox 653 2790 788 2843; x_wconf 84' lang='lat' dir='ltr'><em>Virgo,</em></span> <span class='ocrx_word' id='word_1_517' title='bbox 809 2792 1075 2830; x_wconf 81' lang='lat' dir='ltr'><em>cuiusincuria</em></span> <span class='ocrx_word' id='word_1_518' title='bbox 1088 2790 1127 2828; x_wconf 88' lang='lat' dir='ltr'><em>id</em></span> <span class='ocrx_word' id='word_1_519' title='bbox 1142 2787 1325 2828; x_wconf 72' lang='lat' dir='ltr'><em>euenisset</em></span> <span class='ocrx_word' id='word_1_520' title='bbox 1340 2811 1351 2832; x_wconf 80' lang='lat'>‚</span> <span class='ocrx_word' id='word_1_521' title='bbox 1370 2789 1390 2829; x_wconf 73' lang='lat' dir='ltr'><em>a</em></span> <span class='ocrx_word' id='word_1_522' title='bbox 1414 2786 1605 2830; x_wconf 77' lang='lat' dir='ltr'><em>pontifice</em></span> <span class='ocrx_word' id='word_1_523' title='bbox 1629 2787 1757 2829; x_wconf 69' lang='lat' dir='ltr'><em>seuere</em></span> 
     </span>
     <span class='ocr_line' id='line_1_52' title="bbox 163 2845 1758 2903; baseline -0.005 -15"><span class='ocrx_word' id='word_1_524' title='bbox 163 2846 438 2903; x_wconf 73' lang='lat' dir='ltr'><em>plestebatur.</em></span> <span class='ocrx_word' id='word_1_525' title='bbox 455 2847 528 2886; x_wconf 85' lang='lat' dir='ltr'><em>Val</em></span> <span class='ocrx_word' id='word_1_526' title='bbox 560 2847 669 2886; x_wconf 84' lang='lat' dir='ltr'><em>Max.</em></span> <span class='ocrx_word' id='word_1_527' title='bbox 684 2846 750 2885; x_wconf 87' lang='lat' dir='ltr'><em>lib.</em></span> <span class='ocrx_word' id='word_1_528' title='bbox 770 2860 786 2887; x_wconf 90' lang='lat'>1</span> <span class='ocrx_word' id='word_1_529' title='bbox 801 2859 888 2900; x_wconf 85' lang='lat' dir='ltr'><em>cap.</em></span> <span class='ocrx_word' id='word_1_530' title='bbox 909 2860 938 2887; x_wconf 87' lang='lat'><em>1.</em></span> <span class='ocrx_word' id='word_1_531' title='bbox 952 2849 1008 2886; x_wconf 89' lang='lat' dir='ltr'><em>tit.</em></span> <span class='ocrx_word' id='word_1_532' title='bbox 1022 2860 1059 2893; x_wconf 88' lang='lat'><em>7.</em></span> <span class='ocrx_word' id='word_1_533' title='bbox 1092 2846 1226 2888; x_wconf 88' lang='lat' dir='ltr'><em>Licinio</em></span> <span class='ocrx_word' id='word_1_534' title='bbox 1253 2845 1421 2902; x_wconf 85' lang='lat' dir='ltr'><em>Pontifici</em></span> <span class='ocrx_word' id='word_1_535' title='bbox 1443 2847 1627 2885; x_wconf 88' lang='lat' dir='ltr'><em>Maximo</em></span> <span class='ocrx_word' id='word_1_536' title='bbox 1655 2845 1758 2894; x_wconf 87' lang='lat' dir='ltr'><em>Virgo</em></span> 
     </span>
     <span class='ocr_line' id='line_1_53' title="bbox 165 2898 1760 2958; baseline -0.005 -12"><span class='ocrx_word' id='word_1_537' title='bbox 165 2904 315 2946; x_wconf 63' lang='lat' dir='ltr'><em>Vestalis</em></span> <span class='ocrx_word' id='word_1_538' title='bbox 327 2932 336 2946; x_wconf 93' lang='lat'>,</span> <span class='ocrx_word' id='word_1_539' title='bbox 350 2906 440 2957; x_wconf 88' lang='lat' dir='ltr'><em>quia</em></span> <span class='ocrx_word' id='word_1_540' title='bbox 450 2905 608 2958; x_wconf 88' lang='lat' dir='ltr'><em>quadam</em></span> <span class='ocrx_word' id='word_1_541' title='bbox 621 2904 722 2943; x_wconf 59' lang='lat' dir='ltr'><em>noete</em></span> <span class='ocrx_word' id='word_1_542' title='bbox 728 2913 861 2955; x_wconf 86' lang='lat' dir='ltr'><em>parum</em></span> <span class='ocrx_word' id='word_1_543' title='bbox 872 2903 1020 2955; x_wconf 81' lang='lat' dir='ltr'><em>diligens</em></span> <span class='ocrx_word' id='word_1_544' title='bbox 1032 2904 1159 2944; x_wconf 79' lang='lat' dir='ltr'><em>aeterni</em></span> <span class='ocrx_word' id='word_1_545' title='bbox 1170 2904 1260 2954; x_wconf 88' lang='lat' dir='ltr'><em>ignis</em></span> <span class='ocrx_word' id='word_1_546' title='bbox 1269 2898 1513 2957; x_wconf 73' lang='lat' dir='ltr'><em>cufiosfiuffit</em></span> <span class='ocrx_word' id='word_1_547' title='bbox 1526 2927 1536 2946; x_wconf 91' lang='lat'>‚</span> <span class='ocrx_word' id='word_1_548' title='bbox 1562 2902 1670 2954; x_wconf 71' lang='lat' dir='ltr'><em>digna</em></span> <span class='ocrx_word' id='word_1_549' title='bbox 1695 2902 1760 2938; x_wconf 82' lang='lat' dir='ltr'><em>vi-</em></span> 
     </span>
     <span class='ocr_line' id='line_1_54' title="bbox 148 2957 1760 3014; baseline -0.007 -8"><span class='ocrx_word' id='word_1_550' title='bbox 148 2959 266 3014; x_wconf 63' lang='lat' dir='ltr'><em>,fitefi</em></span> <span class='ocrx_word' id='word_1_551' title='bbox 278 2991 289 3006; x_wconf 80' lang='lat'>‚</span> <span class='ocrx_word' id='word_1_552' title='bbox 300 2959 503 3014; x_wconf 81' lang='lat' dir='ltr'><em>quaeflagro</em></span> <span class='ocrx_word' id='word_1_553' title='bbox 513 2961 770 3001; x_wconf 85' lang='lat' dir='ltr'><em>admoneretur</em></span> <span class='ocrx_word' id='word_1_554' title='bbox 789 2988 799 2997; x_wconf 92' lang='lat'>.</span> <span class='ocrx_word' id='word_1_555' title='bbox 829 2963 963 3014; x_wconf 87' lang='lat' dir='ltr'><em>Atque</em></span> <span class='ocrx_word' id='word_1_556' title='bbox 991 2961 1106 3000; x_wconf 85' lang='lat' dir='ltr'><em>etiam</em></span> <span class='ocrx_word' id='word_1_557' title='bbox 1121 2958 1148 3000; x_wconf 88' lang='lat' dir='ltr'>fi</span> <span class='ocrx_word' id='word_1_558' title='bbox 1164 2972 1240 3000; x_wconf 90' lang='lat' dir='ltr'><em>non</em></span> <span class='ocrx_word' id='word_1_559' title='bbox 1257 2957 1603 3002; x_wconf 65' lang='lat' dir='ltr'><em>fuissem-iunctus,</em></span> <span class='ocrx_word' id='word_1_560' title='bbox 1619 2969 1760 2999; x_wconf 86' lang='lat' dir='ltr'><em>accen-</em></span> 
     </span>
     <span class='ocr_line' id='line_1_55' title="bbox 167 3015 1762 3072; baseline -0.002 -14"><span class='ocrx_word' id='word_1_561' title='bbox 167 3017 337 3059; x_wconf 82' lang='lat' dir='ltr'><em>debatur</em></span> <span class='ocrx_word' id='word_1_562' title='bbox 349 3028 477 3059; x_wconf 83' lang='lat' dir='ltr'><em>tamen</em></span> <span class='ocrx_word' id='word_1_563' title='bbox 491 3029 593 3072; x_wconf 90' lang='lat' dir='ltr'><em>quot</em></span> <span class='ocrx_word' id='word_1_564' title='bbox 604 3020 710 3058; x_wconf 87' lang='lat' dir='ltr'><em>annis</em></span> <span class='ocrx_word' id='word_1_565' title='bbox 722 3015 912 3056; x_wconf 87' lang='lat' dir='ltr'><em>Kalendis</em></span> <span class='ocrx_word' id='word_1_566' title='bbox 927 3017 1084 3067; x_wconf 87' lang='lat' dir='ltr'><em>Martijs</em></span> <span class='ocrx_word' id='word_1_567' title='bbox 1098 3040 1109 3059; x_wconf 83' lang='lat'>‚</span> <span class='ocrx_word' id='word_1_568' title='bbox 1131 3017 1174 3056; x_wconf 71' lang='grc' dir='ltr'><em>ὅ(</em></span> <span class='ocrx_word' id='word_1_569' title='bbox 1187 3016 1451 3057; x_wconf 87' lang='lat' dir='ltr'><em>renouabatur</em></span> <span class='ocrx_word' id='word_1_570' title='bbox 1467 3017 1567 3069; x_wconf 87' lang='lat' dir='ltr'><em>Ignis</em></span> <span class='ocrx_word' id='word_1_571' title='bbox 1589 3044 1598 3059; x_wconf 90' lang='lat'>,</span> <span class='ocrx_word' id='word_1_572' title='bbox 1617 3026 1762 3070; x_wconf 64' lang='lat' dir='ltr'><em>quem-2</em></span> 
     </span>
     <span class='ocr_line' id='line_1_56' title="bbox 165 3071 1761 3130; baseline -0.003 -14"><span class='ocrx_word' id='word_1_573' title='bbox 165 3073 405 3127; x_wconf 62' lang='lat' dir='ltr'><em>affefuabant</em></span> <span class='ocrx_word' id='word_1_574' title='bbox 418 3078 455 3115; x_wconf 90' lang='lat' dir='ltr'><em>in</em></span> <span class='ocrx_word' id='word_1_575' title='bbox 471 3085 608 3130; x_wconf 87' lang='lat' dir='ltr'><em>aperto</em></span> <span class='ocrx_word' id='word_1_576' title='bbox 623 3088 700 3115; x_wconf 88' lang='lat' dir='ltr'><em>non</em></span> <span class='ocrx_word' id='word_1_577' title='bbox 717 3085 843 3114; x_wconf 87' lang='lat' dir='ltr'><em>autem</em></span> <span class='ocrx_word' id='word_1_578' title='bbox 855 3071 924 3114; x_wconf 90' lang='lat' dir='ltr'><em>sub</em></span> <span class='ocrx_word' id='word_1_579' title='bbox 933 3073 1038 3113; x_wconf 67' lang='lat' dir='ltr'><em>tedio</em></span> <span class='ocrx_word' id='word_1_580' title='bbox 1050 3102 1062 3118; x_wconf 88' lang='lat'><em>‚</em></span> <span class='ocrx_word' id='word_1_581' title='bbox 1075 3072 1245 3114; x_wconf 89' lang='lat' dir='ltr'><em>ostendit</em></span> <span class='ocrx_word' id='word_1_582' title='bbox 1257 3076 1366 3117; x_wconf 80' lang='lat' dir='ltr'><em>Ianus</em></span> <span class='ocrx_word' id='word_1_583' title='bbox 1377 3072 1616 3117; x_wconf 63' lang='lat' dir='ltr'><em>Parrhasius,</em></span> <span class='ocrx_word' id='word_1_584' title='bbox 1631 3081 1716 3127; x_wconf 79' lang='lat' dir='ltr'><em>ep.5</em></span> <span class='ocrx_word' id='word_1_585' title='bbox 1725 3082 1761 3117; x_wconf 86' lang='grc'><em>7.</em></span> 
     </span>
     <span class='ocr_line' id='line_1_57' title="bbox 171 3130 498 3185; baseline -0.006 -11"><span class='ocrx_word' id='word_1_586' title='bbox 171 3133 214 3174; x_wconf 86' lang='lat'>&amp;</span> <span class='ocrx_word' id='word_1_587' title='bbox 228 3131 348 3174; x_wconf 90' lang='lat' dir='ltr'><em>Ouid.</em></span> <span class='ocrx_word' id='word_1_588' title='bbox 370 3146 403 3185; x_wconf 85' lang='lat'><em>3.</em></span> <span class='ocrx_word' id='word_1_589' title='bbox 420 3130 498 3173; x_wconf 85' lang='lat' dir='ltr'><em>fast.</em></span> 
     </span>
     <span class='ocr_line' id='line_1_58' title="bbox 337 3186 1154 3243; baseline -0.002 -13"><span class='ocrx_word' id='word_1_590' title='bbox 337 3189 443 3231; x_wconf 78' lang='lat' dir='ltr'><em>Adde</em></span> <span class='ocrx_word' id='word_1_591' title='bbox 454 3189 556 3243; x_wconf 86' lang='lat' dir='ltr'><em>quod</em></span> <span class='ocrx_word' id='word_1_592' title='bbox 567 3200 702 3228; x_wconf 84' lang='lat' dir='ltr'><em>arcana</em></span> <span class='ocrx_word' id='word_1_593' title='bbox 704 3186 799 3242; x_wconf 86' lang='lat' dir='ltr'><em>fieri</em></span> <span class='ocrx_word' id='word_1_594' title='bbox 805 3199 921 3228; x_wconf 88' lang='lat' dir='ltr'><em>nouus</em></span> <span class='ocrx_word' id='word_1_595' title='bbox 932 3189 1025 3240; x_wconf 84' lang='lat' dir='ltr'><em>ignis</em></span> <span class='ocrx_word' id='word_1_596' title='bbox 1034 3188 1074 3227; x_wconf 85' lang='lat' dir='ltr'><em>in</em></span> <span class='ocrx_word' id='word_1_597' title='bbox 1082 3187 1154 3228; x_wconf 81' lang='lat' dir='ltr'><em>aede</em></span> 
     </span>
     <span class='ocr_line' id='line_1_59' title="bbox 389 3242 1687 3343; baseline -0.004 -54"><span class='ocrx_word' id='word_1_598' title='bbox 389 3248 558 3292; x_wconf 85' lang='lat' dir='ltr'><em>Dicitur,</em></span> <span class='ocrx_word' id='word_1_599' title='bbox 575 3244 623 3290; x_wconf 59' lang='grc' dir='ltr'><em>ὼ</em></span> <span class='ocrx_word' id='word_1_600' title='bbox 632 3248 734 3286; x_wconf 80' lang='lat' dir='ltr'><em>vires</em></span> <span class='ocrx_word' id='word_1_601' title='bbox 729 3242 890 3299; x_wconf 86' lang='lat' dir='ltr'><em>flamma</em></span> <span class='ocrx_word' id='word_1_602' title='bbox 901 3243 1038 3297; x_wconf 69' lang='lat' dir='ltr'><em>refeHa</em></span> <span class='ocrx_word' id='word_1_603' title='bbox 1050 3247 1148 3297; x_wconf 81' lang='lat' dir='ltr'><em>capit</em></span> <span class='ocrx_word' id='word_1_604' title='bbox 1158 3275 1169 3286; x_wconf 88' lang='lat'><em>.</em></span> <span class='ocrx_word' id='word_1_605' title='bbox 1312 3296 1349 3341; x_wconf 71' lang='grc' dir='ltr'><strong>Α</strong></span> <span class='ocrx_word' id='word_1_606' title='bbox 1659 3303 1687 3343; x_wconf 73' lang='lat' dir='ltr'><strong>E</strong></span> 
     </span>
     <span class='ocr_line' id='line_1_60' title="bbox 1364 3311 1708 3341; baseline 0.003 -1"><span class='ocrx_word' id='word_1_607' title='bbox 1364 3313 1384 3340; x_wconf 76' lang='lat' dir='ltr'>a</span> <span class='ocrx_word' id='word_1_608' title='bbox 1401 3312 1422 3341; x_wconf 72' lang='lat' dir='ltr'>a</span> <span class='ocrx_word' id='word_1_609' title='bbox 1691 3311 1708 3341; x_wconf 89' lang='lat' dir='ltr'><em>t</em></span> 
     </span>
    </p>
   </div>
   <div class='ocr_carea' id='block_1_8' title="bbox 1782 1225 1887 1259">
    <p class='ocr_par' dir='ltr' id='par_1_10' title="bbox 1782 1225 1887 1259">
     <span class='ocr_line' id='line_1_61' title="bbox 1782 1225 1887 1259; baseline 0.01 -10"><span class='ocrx_word' id='word_1_610' title='bbox 1782 1225 1872 1259; x_wconf 71' lang='lat' dir='ltr'><em>Nupta</em></span> <span class='ocrx_word' id='word_1_611' title='bbox 1881 1245 1887 1250; x_wconf 83' lang='lat'>.</span> 
     </span>
    </p>
   </div>
   <div class='ocr_carea' id='block_1_9' title="bbox 1784 1797 1869 1831">
    <p class='ocr_par' dir='ltr' id='par_1_11' title="bbox 1784 1797 1869 1831">
     <span class='ocr_line' id='line_1_62' title="bbox 1784 1797 1869 1831; baseline 0.012 -9"><span class='ocrx_word' id='word_1_612' title='bbox 1784 1797 1869 1831; x_wconf 54' lang='lat' dir='ltr'><em>Ignis„</em></span> 
     </span>
    </p>
   </div>
  </div>
 </body>
</html>
