2206 3480
346 103 449 158 DE
490 100 945 159 CONvivus,
983 101 1086 162 ET
1125 103 1622 161 TRICLINIIS.
1713 89 1810 175 ³23

138 201 178 255 A
208 198 263 240 ita
271 186 367 239 enim
376 196 472 239 illud
481 196 636 251 Epulum
646 195 703 240 eft
710 196 892 252 fimebre,
912 206 963 239 vt
973 210 1103 242 munus
1117 198 1173 254 sit
1179 196 1333 251 funeris
1342 227 1354 244 ‚
1369 199 1491 254 Epulae
1504 200 1650 256 quidem
1662 202 1737 256 ipse
1749 204 1811 244 di.

204 257 358 310 gnitatis
374 286 384 296 .
1125 256 1129 259 “

268 313 363 353 Mos
377 312 441 354 ille
454 313 644 358 vetusfuit
660 315 797 357 Romae
810 344 821 361 ‚
847 324 888 356 vt
898 314 1005 358 dorni
1015 312 1207 356 haberent
1220 313 1338 355 vestes
1350 313 1398 356 ad
1412 328 1568 358 coenam
1580 340 1592 361 ‚
1617 317 1660 357 &
1673 315 1700 357 fi
1711 316 1807 362 foris

211 382 440 416 coenarent,
462 377 692 427 acciperent
705 373 754 413 ab
766 374 898 414 amicis
913 396 924 416 2
956 369 1105 427 autipsi
1118 371 1336 413 adferrent:
1361 375 1610 428 Capitolinus
1631 379 1670 415 in
1684 375 1807 417 Vita,

210 427 259 468 M
267 430 420 470 aximini
435 443 445 470 .·
458 434 549 471 Cum
561 431 614 469 ad
620 442 752 470 comam
762 430 811 470 ab
823 430 1041 473 Alexandro
1053 426 1129 484 effet
1141 439 1293 468 vocatus
1303 453 1314 471 2
1329 432 1366 469 in
1377 434 1498 470 Patris
1509 431 1694 476 honorem,
1707 432 1811 486 quod

208 486 241 522 ei
255 481 378 541 deff-t
387 486 501 526 vestis
510 490 704 527 coenatoria
716 510 728 530 ,
755 488 861 542 ipstus
871 485 1241 537 Alexandriaccepit.
1277 487 1433 528 Panium
1446 491 1494 529 ad
1508 489 1675 535 eiusdem
1689 489 1805 531 vestis

206 533 369 582 formam
387 543 552 584 Martial.
567 543 615 584 fic
628 543 821 599 appellat,
835 544 901 586 vbi
914 544 964 586 de
974 541 1106 588 secum
1121 555 1241 582 vxore
1254 545 1513 592 accumbente
1528 579 1538 588 .

379 600 442 641 Ad
446 599 603 654 mensam
615 605 739 641 venies
751 631 761 647 ,
780 598 905 658 ftdsic
915 598 1032 655 diuise}
1041 598 1222 639 recumbes
1231 628 1243 644 2

439 658 481 697 Vt
493 671 567 698 non
578 668 777 711 tangantur
784 659 905 712 pallia
913 657 1031 709 ncssra
1040 657 1113 699 tuis
1122 687 1131 696 .

207 714 254 754 Et
266 712 474 755 Petronius
487 716 536 754 de
554 718 825 757 Trimalcione
834 725 1024 756 coenante
1039 746 1047 755 .
1062 713 1178 755 Pallio
1186 716 1339 757 Coccina
1348 715 1523 770 adrasum
1533 717 1727 772 incluftrat
1742 732 1800 763 ca·

201 777 274 822 put
285 792 296 811 2
325 773 493 827 circaque
504 783 671 813 oneratas
685 771 778 823 veste
789 775 941 813 ceruices
949 772 1173 813 laticlauiam
1190 772 1390 828 immiserat
1398 785 1568 827 mappam
1582 806 1591 815 .
1619 778 1667 821 Et
1694 777 1806 831 quod.

207 828 424 881 pretiosior
438 844 481 870 ea
493 831 613 875 vestis,
627 831 670 871 δε
682 830 703 869 ὲ
713 844 883 885 purpura
897 828 1010 886 saepe,
1020 834 1239 873 coccinaue
1251 829 1459 872 lautiorum
1471 831 1682 877 hominum,
1700 835 1803 876 idem

207 885 435 928 Petronius:
458 887 674 928 Vestimenta
687 901 767 927 mea
778 887 1002 929 accubitoria
1020 887 1187 941 perdidit
1199 918 1210 933 ,
1230 902 1310 943 quae
1322 888 1417 930 mihi
1426 890 1545 936 natali
1551 902 1628 936 meo
1640 889 1801 935 donaue-

207 950 270 982 rat
286 943 390 984 cliens
407 944 580 999 quidam,
593 946 709 1000 Tyria
709 945 793 1000 fine
800 944 912 986 dubio
923 975 934 991 ,
942 945 1016 998 fid
1024 949 1098 987 iam
1102 946 1298 1002 semellota
1309 977 1318 988 .

265 1000 425 1055 Sumpta
437 1003 672 1043 Coenatoria
685 1005 757 1043 iam
770 1001 1046 1049 discumbitur,
1068 1004 1110 1044 &
1122 1018 1170 1045 ne
1186 1002 1394 1058 pretiosam
1408 1002 1549 1046 vestem
1562 1004 1802 1060 stragulam

141 1034 180 1087 B
205 1053 422 1104 lutulentis,
450 1070 515 1100 aut
536 1058 700 1102 sordidis
725 1059 869 1102 calceis
881 1062 1133 1118 inquinarent
1145 1085 1157 1107 ‚
1176 1060 1298 1104 soleas
1320 1062 1600 1118 deponebant.
1631 1064 1791 1105 Plautus

212 1113 254 1154 in
271 1115 523 1157 Truculento
535 1149 543 1157 .

435 1174 454 1215 l
455 1188 514 1214 am
522 1174 634 1229 redy't
643 1177 787 1217 animus
797 1199 809 1220 ‚
828 1177 931 1217 deme
934 1176 1058 1232 sbleas
1068 1208 1078 1222 ‚
1092 1177 1175 1222 cedo
1190 1179 1325 1220 vinum
1335 1209 1344 1219 .

258 1226 465 1286 Postquam
480 1230 565 1273 sein
580 1232 690 1273 lectis
699 1235 838 1274 ordine
849 1235 1268 1279 conocaueraumanus
1282 1234 1587 1292 lauabantNirg·
1596 1249 1613 1282 1
1627 1232 1798 1280 Aeneid.
1832 1239 2060 1274 manuscr-uam

425 1289 507 1329 Iam
517 1291 625 1329 Pater
638 1297 793 1335 Aeneas,
810 1290 858 1334 (φ
868 1292 942 1331 iam
954 1294 1122 1332 Troiana
1133 1296 1303 1333 iuuentus

425 1348 660 1387 Conueniunt
671 1376 680 1395 ,
685 1345 881 1402 stratoque
886 1347 1003 1402 super
1010 1348 1248 1403 discumbitur
1257 1346 1375 1404 Ostro.

426 1402 532 1442 Dant
541 1401 708 1442 manibus
718 1401 862 1457 famuli
872 1404 1038 1461 lymphas.
1049 1438 1059 1448 .
1293 1403 1297 1406 ⁴

193 1464 242 1505 Et
252 1461 408 1503 Plautus
418 1458 456 1499 in
475 1456 585 1500 Persa
594 1473 608 1499 :
626 1461 724 1499 Date
736 1474 871 1515 aquam
883 1462 1051 1504 manibus
1061 1493 1070 1508 ,
1085 1468 1257 1517 apponite
1266 1465 1426 1518 mensam
1440 1497 1448 1506 .
1475 1467 1525 1508 Et
1537 1465 1705 1509 Romani
1715 1463 1803 1508 ali-x

191 1520 354 1575 quando
369 1516 457 1571 post
471 1514 634 1572 singulos
646 1516 771 1558 miffus
785 1517 961 1560 lauarunt
971 1552 980 1562 .
994 1521 1234 1576 Lampridius
1245 1527 1282 1563 in
1306 1522 1587 1579 Heliogabalo:
1610 1521 1792 1564 Exhibuit

188 1573 390 1633 ‘aL-'quando
400 1573 473 1614 tale
486 1576 710 1616 Conuiuium
719 1584 786 1629 „vt
794 1575 946 1617 haberet
957 1579 1097 1630 viginti
1106 1602 1117 1622 ²
1133 1578 1179 1623 ὠ·
1190 1579 1262 1623 duo
1270 1578 1421 1630 serrula
1442 1582 1643 1632 ingentium
1664 1577 1792 1630 epula-

189 1648 272 1676 rum
284 1664 295 1680 ,
309 1632 358 1678 ὠ·
370 1642 441 1685 per
456 1631 605 1685 singula
619 1644 766 1677 manus,
785 1633 893 1688 quast
898 1636 973 1675 iarn
983 1635 1222 1686 comediss'ent,
1251 1636 1429 1682 lauarunt
1445 1669 1456 1679 .
1477 1640 1526 1679 Et
1549 1636 1652 1681 idetn
1668 1639 1707 1679 in
1722 1648 1794 1675 eo·

190 1691 280 1734 dem
296 1691 504 1745 Principe:
524 1688 694 1741 Par-astris
702 1688 909 1744 infecunda
921 1691 1039 1745 mensa
1060 1691 1157 1746 fiepe
1167 1706 1305 1733 ceream
1329 1707 1461 1740 caenam
1477 1692 1592 1749 ,slepe
1608 1693 1764 1744 ligneam
1784 1712 1800 1734 2

176 1748 277 1807 sep?
282 1748 478 1790 eburneam
486 1746 663 1789 exhibuit
674 1760 687 1787 .·
699 1761 777 1787 cum
790 1756 935 1788 tantum
945 1746 1109 1787 biberent
1114 1760 1182 1800 per
1177 1750 1324 1802 singula
1322 1748 1483 1800 fercula,
1496 1750 1544 1791 ὠ·
1557 1762 1687 1786 manus
1698 1745 1809 1802 quasi

188 1804 614 1866 comedissentlauarunt.
642 1805 729 1845 Nec
746 1800 952 1858 surgebant
968 1807 1148 1845 conuiuae
1164 1806 1184 1844 ὲ
1195 1806 1301 1846 tecto
1314 1816 1486 1861 propter
1495 1805 1596 1845 hanc
1607 1803 1799 1844 lotionem

102 1873 148 1925 C
187 1864 254 1908 sed
268 1861 500 1906 auertebant
510 1865 532 1904 a
543 1859 677 1906 mensa,
695 1861 875 1903 Sidonius
891 1860 955 1901 lib.
972 1875 1100 1903 1.cum
1113 1861 1162 1903 ad
1175 1860 1366 1904 Caesarem
1382 1862 1629 1917 epulareturj:
1643 1861 1800 1899 Retror-

176 1922 316 1981 fiasque
335 1918 545 1974 conuersus,
574 1928 752 1972 tanquam
779 1918 944 1959 manibus
962 1931 1099 1971 aquam
1108 1917 1344 1971 pofiularean,
1361 1928 1580 1971 tantumque
1589 1924 1795 1955 remoratus

187 1975 518 2037 quantumstibadff
530 1977 701 2017 circulum
710 1976 905 2017 celerantia
914 1973 1119 2016 ministeria
1125 1984 1361 2028 percurrunt,
1374 1973 1536 2015 cubitum
1545 1982 1625 2013 toro
1633 1970 1795 2012 reddidi.

188 2037 330 2080 Refert
344 2036 458 2077 etiam
475 2032 622 2089 Lipfius
635 2038 673 2075 in
691 2032 1007 2076 Saturna1.lib.2.

245 2096 452 2149 Vnguenta
467 2091 610 2133 deinde
624 2090 841 2134 dabantur,
865 2088 1008 2144 quibus
1034 2099 1181 2145 caput,
1205 2089 1252 2130 &
1274 2086 1435 2130 barbam
1448 2094 1655 2142 vngerent.
1686 2084 1799 2128 Mar2
1851 2097 2049 2133 unguentaria„

190 2151 289 2195 tialis
302 2152 369 2192 lib.
375 2164 411 2205 3.
1822 2131 1935 2166 bamur.

421 2206 778 2260 Vnguentumfateor
798 2205 932 2246 bonum
949 2203 1085 2246 dedisti

419 2267 594 2307 Conuiuis
611 2266 733 2308 Here,
751 2258 821 2319 sed
834 2261 935 2304 nihil
943 2260 1110 2317 fiidifli.

189 2328 364 2368 Coronae
376 2324 489 2363 etiam
503 2322 697 2363 dabantur
710 2335 757 2362 ex
778 2322 826 2367 ijs
849 2317 1034 2363 floribus,
1068 2333 1167 2374 quos
1181 2322 1269 2362 anni
1285 2329 1437 2374 tempus
1457 2314 1765 2360 subministrabat
1782 2330 1793 2358 :
1822 2329 1944 2356 cmm.

188 2383 256 2426 sed
267 2380 430 2422 maxime
444 2377 547 2423 Rosa
557 2378 618 2430 alij
626 2377 715 2430 sque
728 2401 739 2421 ,
754 2391 842 2433 quae
854 2376 1089 2419 ebrietatem
1102 2377 1367 2432 prohiberent
1380 2406 1389 2421 ‚
1413 2378 1457 2418 &
1478 2387 1599 2431 caput
1613 2388 1690 2414 non
1704 2388 1794 2428 gra·

191 2449 330 2482 uarent
341 2453 349 2480 :
360 2436 427 2478 has
439 2436 596 2493 quidem
610 2438 742 2492 capiti,
757 2433 929 2475 nonnulli
942 2433 1051 2474 collo
1064 2462 1075 2479 ,
1090 2434 1150 2486 aiij
1167 2435 1341 2481 brachiis
1354 2434 1548 2490 aptabant
1561 2459 1571 2478 ‚
1585 2443 1621 2473 vt
1635 2435 1670 2470 in
1690 2434 1789 2471 anti-

190 2499 279 2553 quis
293 2495 548 2537 marmoribus
561 2492 733 2535 videmus
749 2522 757 2534 .
775 2493 920 2534 Cicero
944 2490 1106 2533 Verrina
1122 2504 1157 2543 5.
1171 2494 1251 2547 Ipse
1269 2501 1392 2534 autent
1415 2503 1585 2532 coronam
1597 2488 1758 2527 habebat
1769 2510 1782 2530 ‚

191 2567 309 2594 vnam
321 2554 507 2604 incapite,
528 2551 683 2590 alteram
696 2554 735 2590 in
745 2548 832 2590 colle
845 2581 855 2590 .
883 2549 1145 2593 Cotonabant
1157 2562 1284 2593 autem
1302 2549 1451 2590 Pocula
1465 2572 1477 2591 2
1504 2560 1583 2586 non
1607 2542 1755 2598 seipsos
1768 2572 1780 2587 ‚

191 2609 258 2654 nisi
274 2613 311 2650 in
326 2615 480 2665 priuata
493 2621 611 2649 coena
621 2604 741 2647 essent
754 2627 766 2650 2
784 2610 875 2660 quia
887 2606 1083 2661 ebriorum
1098 2605 1167 2648 fnit
1178 2606 1213 2655 se
1226 2605 1329 2662 ipsos
1344 2617 1539 2646 coronare
1551 2633 1559 2643 .
1572 2601 1727 2643 Plautus
1741 2603 1780 2642 in

194 2663 391 2723 Amphitr.
403 2668 558 2719 Capiam
567 2675 734 2704 coronam
744 2662 837 2704 mihi
845 2666 885 2702 in
897 2673 1006 2713 caput
1015 2693 1026 2708 ,
1040 2660 1237 2718 afflmilabo
1248 2677 1304 2703 me
1313 2660 1372 2718 effi:
1381 2662 1522 2704 ebrium
1534 2689 1544 2699 .
1568 2660 1677 2711 Prop
1683 2669 1754 2699 ert.

115 2700 169 2754 D
422 2728 514 2766 Cum
527 2731 591 2763 tua
596 2719 827 2774 propendent
840 2715 982 2778 dimiffie
993 2720 1033 2758 in
1041 2720 1174 2770 pocula
1185 2717 1299 2773 serta
1309 2745 1319 2754 .

197 2781 399 2840 Virgilius.

423 2841 471 2882 Et
484 2840 579 2879 vina
591 2841 799 2884 Coronant,

420 2898 663 2950 Pateramque
675 2900 817 2938 Corona
827 2895 955 2936 induit
971 2926 980 2936 .

194 2956 438 3000 Theocritus
452 2968 460 2994 :
476 2956 587 3006 Cinge
593 2954 762 3005 poculum
767 2964 953 3006 purpureo
966 2952 1043 2995 ouis
1048 2950 1167 3007 flore:
1189 2949 1317 2994 Festus
1326 2978 1338 2997 .
1360 2946 1656 3006 antiquiffirnum
1664 2961 1785 3005 genus

190 3012 503 3058 fuitcoronaruin
514 3011 707 3052 lanearum
719 3039 729 3054 ‚
749 3011 791 3051 δε
806 3009 856 3051 de
865 3012 912 3060 ijs
925 3011 1013 3054 vide
1029 3010 1234 3064 ssulgerum
1245 3010 1295 3050 de
1310 3008 1517 3058 Conuiuijs
1531 3007 1702 3059 l.3.c.24.

249 3073 313 3113 De
329 3083 488 3112 numero
502 3070 767 3111 Conuiuarum
781 3068 802 3108 ὲ
816 3066 990 3111 varrone
1001 3066 1106 3123 apud
1120 3071 1171 3110 Α.
1187 3066 1358 3110 Gellium
1383 3066 1471 3106 iib.1
1483 3079 1504 3117 3
1528 3077 1616 3118 cap.
1638 3077 1652 3103 1
1665 3078 1699 3106 1.
1712 3065 1788 3105 ita-1,
1813 3062 2046 3095 mmeramme.

198 3128 406 3171 definitur:
429 3129 472 3168 Vt
481 3140 552 3168 non
559 3128 748 3178 pauciores
746 3123 828 3179 fint
840 3153 850 3169 ‚
870 3137 981 3178 quam
990 3133 1084 3171 tres,
1107 3125 1320 3179 necplures,
1339 3136 1450 3180 quam
1462 3133 1610 3161 nouem:
1639 3129 1688 3159 vt
1707 3132 1778 3160 nu·
1812 3110 1958 3132 “mm-‘⁴

193 3199 331 3227 merum
340 3187 554 3226 Gratiarum
566 3190 718 3239 aquent,
731 3190 797 3222 aut
810 3181 1016 3231 Musarum
1027 3210 1036 3220 .
1054 3185 1187 3239 Atque
1201 3183 1293 3226 ideo
1308 3186 1343 3222 in
1358 3180 1478 3241 pleno
1491 3176 1692 3221 Conuiuia
1702 3175 1790 3236 pie-

199 3257 322 3302 rumq3
332 3245 431 3287 terni
441 3246 478 3285 in
490 3242 610 3290 lectis,
619 3252 908 3297 nonnumquam
919 3240 962 3284 &
973 3250 1151 3297 quaterni
1162 3239 1449 3286 accumbentes.
1460 3232 1788 3345 Horat.1·1s.s;t.4.

170 3304 185 3313 “
1664 3306 1690 3336 a
1718 3305 1738 3334 e
