2206 3480
324 73 428 128 DE
468 71 935 131 FVNERIBVS
975 74 1568 129 ROMANORVM.
1671 97 1770 141 149

120 178 157 228 Α
197 169 371 214 Valerius
389 168 582 209 Maximus
598 167 710 216 lib.4-
726 169 841 223 capit.
859 170 894 210 6.
910 167 1101 223 myrrhata
1109 171 1228 222 potio
1242 169 1279 207 in
1296 181 1338 207 os
1351 166 1717 217 illiusinferebatur,
1739 185 1783 218 vt

193 226 401 281 exlegibus
418 240 432 267 1
443 239 478 268 2.
493 225 611 267 tabul.
628 239 712 281 quae
725 224 826 266 illam
842 236 992 271 vetant,
1013 238 1100 280 quae
1112 228 1226 279 potio
1238 235 1419 280 tanquam
1434 239 1550 268 coena
1561 232 1611 269 ad
1625 232 1773 272 Caelum

194 286 340 326 viatica
351 281 421 323 fuit
434 315 444 323 .
474 284 626 324 Ventos
639 291 827 337 praeterea
844 283 1129 337 precabantur,
1148 293 1188 322 vt
1202 280 1373 322 fauentes
1389 280 1572 326 flammam
1586 300 1776 342 propera-

193 352 308 383 rent·
326 340 582 394 Propert.l.4.
598 339 735 394 eleg.7.
748 342 825 380 Cur
837 349 966 380 ventos
978 352 1051 379 non
1061 337 1135 390 ipse
1143 341 1385 391 rogisingrate
1397 341 1550 392 petistis
1576 345 1674 384 Cum
1688 360 1774 386 cor⁴

195 412 269 454 pus
285 398 456 441 arderet,
477 397 567 436 vino
578 409 711 450 rogum
727 394 991 450 aspergebant,
1001 404 1042 435 vt
1055 392 1211 435 flammae
1228 397 1433 437 validiores
1450 397 1569 440 effent
1582 415 1593 445 ;
1608 406 1710 442 vnde
1720 402 1778 444 di-

194 456 296 496 cium
306 468 319 494 :
332 453 540 507 Resperstim
555 454 698 494 vinum.
712 452 830 494 Plini.
840 467 854 494 1
864 465 1006 501 4-c.12.
1017 452 1102 494 pix,
1117 450 1159 490 &
1172 450 1314 492 Refina
1327 454 1557 501 addebatur,
1571 471 1646 513 qua
1660 461 1773 501 etiam

193 514 448 567 pauperiores
459 513 514 551 vti
527 507 722 551 solebant.
747 512 790 551 In
807 510 960 564 Campo
974 509 1119 548 Martio
1131 506 1366 550 nobiliorum
1384 514 1516 566 Rogus
1540 526 1645 560 erat;
1677 516 1773 558 alio—

188 583 274 612 rum
288 568 406 623 penes
417 565 682 621 sepulchrum,
698 564 910 607 dummodo
924 567 1028 605 intra
1054 563 1134 603 duo
1146 562 1256 603 millia
1269 565 1438 617 passuum
1456 568 1504 609 ab
1522 571 1637 616 Vrbe,
1645 586 1772 628 pytaa

189 624 397 668 strueretur
411 637 459 665 ex
473 625 603 664 edieto
614 622 720 665 fasto
732 626 781 666 A.
793 622 960 665 Claudio
979 621 1021 661 δι
1032 622 1077 661 C.
1097 618 1289 660 Nerbano
1300 622 1405 662 Coss‘.
1420 624 1505 665 Dio
1519 625 1654 677 lib.48.

244 675 552 722 Coenafunebris
572 696 644 723 vna
656 685 694 721 in
710 684 827 735 Rogo
839 680 913 718 DIS
925 677 1100 725 manibus
1125 676 1356 733 parabatur)
1388 680 1430 720 &
1451 680 1533 722 haec
1559 690 1775 730 nominatae·
1816 710 2015 738 ssuerramulos

187 742 393 793 exequium
407 767 417 782 ‚
428 737 490 779 seu
506 739 742 780 Silicernium
753 765 761 773 .
784 739 936 780 Varro:
950 737 1071 775 Funus
1078 736 1234 775 >intertui
1241 735 1341 775 laute
1349 736 1404 776 ad
1401 737 1636 791 sepulchrum
1650 771 1658 786 ‚
1671 748 1772 783 anti·
1795 734 1975 778 comiaclum,

184 809 264 849 ‘quo
275 809 374 836 more
386 796 613 841 silicernium
626 792 859 845 coufecimus.
883 793 1039 833 Didium
1050 792 1101 841 ab
1114 806 1182 833 eo,
1207 792 1316 847 quod
1340 793 1378 833 in
1399 794 1503 836 luctu
1517 794 1570 837 fas
1586 811 1663 839 non
1679 799 1772 841 effet

189 853 366 893 lucernas
378 853 598 893 accendere
609 883 618 893 .
632 850 768 893 Altera
783 851 932 895 Coena,
947 863 1033 904 quae
1049 849 1538 905 domipropinquioribus‚
1561 855 1605 895 ὃς
1617 860 1769 904 amicis;

185 911 231 951 ὃς
246 909 333 949 haec
348 910 507 964 proprie
519 908 673 963 epulum
682 906 862 951 funebre,
886 908 928 948 &
947 906 995 949 ad
1007 906 1079 948 hos
1094 908 1256 961 vulgaris
1269 909 1433 964 Coquus
1443 910 1768 959 conducebatur,

187 979 236 1007 ex
248 967 371 1007 Plaut.
384 969 422 1006 in
438 963 614 1007 Pseudol‚
871 994 873 997 ⁴
1242 992 1244 995 -
1300 986 1306 988 >

128 999 165 1049 B
409 1027 574 1077 Coquum
586 1036 658 1063 non
665 1022 773 1075 potui
783 1045 794 1066 ,
809 1034 917 1076 quam
928 1021 1025 1062 hunc
1036 1045 1048 1066 ,
1062 1034 1167 1076 quem
1173 1020 1268 1070 „duco
1280 1020 1426 1070 ducere;

414 1079 523 1135 Qin
537 1079 580 1118 ob
595 1093 672 1119 eam
688 1093 762 1120 rem
774 1082 887 1119 Orcus
899 1082 1054 1131 recipere
1067 1079 1164 1119 hunc
1173 1078 1226 1118 ad
1221 1079 1265 1134 fi·
1274 1079 1393 1121 noluit
1403 1103 1416 1124 ,

414 1138 457 1177 Vt
472 1133 547 1191 effit
556 1136 616 1175 hic
626 1165 635 1180 ,
651 1141 717 1190 qui
727 1138 877 1176 mortuis
886 1139 1030 1176 Coenam
1041 1145 1173 1191 coquat
1186 1168 1194 1175 .

181 1196 337 1237 Funeris
351 1193 494 1237 dustor
505 1191 582 1233 illas
596 1193 728 1248 epulas
741 1197 906 1247 primum
920 1192 1144 1246 degustabat
1156 1224 1164 1233 .
1191 1192 1325 1248 Virgil.
1340 1197 1377 1235 in
1393 1197 1558 1250 persona
1570 1197 1714 1241 Aeneae
1731 1202 1765 1250 ςζ

178 1250 345 1294 Aeneid-

406 1309 624 1362 Libauitque
645 1307 754 1360 dapes
767 1339 777 1348 .
882 1343 884 1347 .

173 1366 242 1407 De
259 1364 336 1406 hoc
349 1367 490 1408 Coenae
503 1379 653 1419 genere.
665 1364 887 1405 Tertullib.
905 1365 954 1405 de
968 1363 1185 1408 Resurrest.
1196 1367 1395 1413 Carn.c.1.,
1410 1368 1462 1406 At
1472 1379 1529 1420 ego
1544 1372 1654 1423 magis
1663 1373 1763 1413 ride-

175 1423 385 1476 bovulgus,
408 1436 485 1463 cum
499 1418 788 1476 ipfhsdefithos
810 1419 1021 1477 atroczfflm?
1038 1426 1189 1467 exurit,
1209 1436 1297 1477 quos
1317 1423 1545 1476 pofimodum
1559 1428 1675 1481 gulcfi
1708 1443 1764 1471 me

176 1482 315 1522 nutrit,
341 1478 464 1533 yfiiem
474 1478 613 1531 ignibus
633 1479 679 1522 (φ
688 1489 917 1531 promerens,
932 1479 979 1522 ὠ·
990 1477 1170 1537 offendens
1181 1511 1191 1521 .

236 1537 338 1591 Rogi
348 1537 521 1578 lustratio
536 1546 740 1591 antequam
751 1534 852 1576 faces
862 1534 1156 1585 subiicerentur,
1179 1535 1263 1579 fieri
1284 1535 1392 1578 solita
1406 1539 1426 1579 a
1437 1543 1595 1582 maxima
1608 1556 1764 1599 quaque

174 1593 421 1634 multitudine
433 1623 443 1638 ,
458 1607 541 1649 quae
554 1592 808 1636 circumibat,
831 1594 874 1634 &
885 1592 1081 1634 ambiebat
1092 1597 1244 1650 Rogum
1259 1627 1267 1635 .
1280 1596 1445 1643 Quintil.
1460 1598 1630 1640 declama
1639 1614 1654 1641 t
1669 1615 1691 1654 3
1700 1615 1761 1650 29.

175 1650 359 1690 cadauer
371 1650 528 1705 Augusti
540 1653 656 1705 Rogo
669 1650 887 1703 impolitum
899 1674 910 1695 ,
923 1652 1087 1705 primum
1102 1653 1324 1695 Pontifices,
1338 1654 1482 1693 deinde
1496 1658 1664 1709 Equites,
1679 1669 1760 1698 tum

174 1707 308 1749 milites
325 1709 621 1750 circumierunt,
648 1707 782 1762 postea
793 1710 1054 1747 Centuriones
1080 1711 1204 1762 ignem
1227 1709 1502 1750 admouerunt:
1534 1725 1610 1762 qua
1625 1713 1757 1755 lustra.

172 1765 280 1805 tione
290 1763 389 1806 fasta
400 1788 412 1807 ,
441 1762 606 1804 accenso
619 1767 736 1818 Rogo
746 1774 787 1804 vt
801 1763 838 1803 in
849 1761 983 1803 funere
1000 1764 1190 1808 Pallantis,
1205 1766 1338 1819 Virg.1
1353 1779 1383 1807 1.
1401 1768 1567 1810 Aeneid.

106 1831 152 1881 C
399 1822 476 1861 Ter
491 1822 623 1860 circum
635 1819 793 1875 accenfhs
808 1820 917 1860 cinlii
925 1818 1158 1872 fulgentibus
1167 1823 1299 1867 armis,

394 1880 596 1919 Decurrere
611 1878 725 1929 Rogos
736 1900 748 1920 ,
766 1886 821 1917 ter
832 1876 993 1916 moeftum
1003 1874 1154 1925 funeris
1166 1881 1281 1929 ignem

398 1934 615 1974 Lustrauere
624 1936 662 1973 in
677 1936 792 1988 Equis
804 1957 814 1976 ,
827 1932 1064 1986 ‘ululatusque
1077 1948 1144 1974 aere
1152 1934 1280 1974 dedere
1291 1967 1299 1974 .

165 1995 301 2047 <Atque
320 1990 420 2032 hanc
432 1990 691 2032 lustrationem
705 2003 792 2030 cum
813 1989 1013 2044 sulphure,
1033 1990 1074 2029 &
1090 1991 1200 2031 taedis
1212 1990 1379 2032 accensis
1393 1992 1434 2033 ὃ(
1447 1992 1679 2036 circumlatis
1701 1996 1755 2038 fa-

168 2050 289 2094 stam,
300 2048 441 2103 quibus
457 2047 596 2087 Manes
613 2047 773 2087 maxime
787 2048 1048 2101 placarentur,
1061 2061 1110 2087 ex
1123 2048 1293 2088 quenal.
1307 2047 1460 2104 satyr.2.

396 2104 525 2144 Vmbra
540 2106 646 2143 venit
660 2129 670 2147 ,
681 2111 849 2154 cuperent
861 2100 1019 2152 Lustrari
1029 2132 1040 2148 ‚
1048 2103 1172 2159 siqua
1186 2105 1364 2146 darentur

397 2160 578 2213 Sulphura
593 2172 670 2200 cum
684 2159 785 2201 taedis
796 2191 805 2200 .

168 2219 269 2261 Mos
283 2218 353 2259 fuit
375 2219 417 2258 &
433 2229 521 2258 tunc
533 2227 574 2257 vt
589 2217 788 2258 coniuncti
805 2215 981 2272 sanguine
994 2242 1004 2261 ,
1028 2219 1193 2260 amicitia
1207 2248 1218 2265 ,
1237 2217 1298 2259 seu
1321 2219 1395 2260 alio
1415 2222 1571 2262 vinculo
1584 2237 1670 2265 cum
1683 2225 1753 2266 de·
1775 2240 1901 2270 Crudeles
1916 2242 1994 2270 ram„

167 2276 302 2318 functo
315 2277 545 2317 occiderent
560 2273 594 2314 se
612 2284 699 2315 ante
715 2276 867 2330 Rogum
879 2298 891 2320 ,
904 2276 989 2315 vtin
1007 2273 1138 2316 funere
1153 2275 1327 2317 Othonis
1341 2280 1469 2333 inquit
1481 2281 1644 2321 Tacitus
1656 2281 1676 2321 l.
1686 2296 1747 2328 17.

167 2335 303 2374 Tulere
314 2343 439 2384 corpus
449 2334 628 2373 Praetoriae
637 2331 810 2373 Cohortes
832 2346 910 2371 cum
931 2333 1094 2387 lacrymis
1109 2362 1118 2377 ,
1134 2332 1357 2377 &laudibus
1368 2358 1379 2377 ,
1404 2336 1530 2375 vultus
1557 2338 1754 2393 manusque

167 2393 242 2432 eius
254 2388 502 2443 exoftulan-tas
516 2403 528 2427 .·
549 2388 698 2442 quidam
712 2389 866 2432 militum
876 2392 988 2429 iuxta
1002 2392 1137 2442 Rogum
1149 2388 1357 2442 interfecere
1354 2391 1418 2446 fi’»
1439 2406 1512 2434 non
1525 2407 1648 2440 noxa,
1669 2409 1753 2452 neq;

167 2447 213 2488 ob
225 2455 357 2487 metum
368 2475 377 2489 ,
392 2445 463 2498 fid
471 2446 696 2485 ‘emulatione
706 2445 842 2486 decoris
855 2469 866 2490 ,
876 2445 922 2490 ὅ)
934 2446 1116 2486 charitate
1133 2450 1330 2501 Principis-

216 2502 306 2543 Post
316 2502 576 2543 lustrationem
590 2503 841 2543 Gladiatores
858 2515 944 2543 ante
961 2504 1077 2558 Roga
1090 2505 1340 2547 dimicabant,
1353 2510 1418 2551 Qui
1431 2506 1619 2557 Bustuarij
1635 2509 1655 2548 a
1675 2507 1750 2548 ssu-

168 2558 322 2613 sto-sunt
336 2558 530 2615 appellati,
540 2559 884 2600 Seru.10.Aeneid.
900 2561 943 2599 &
957 2561 1007 2600 de
1017 2559 1233 2601 huiusmodi
1248 2561 1543 2603 Gladiatoribus
1560 2577 1649 2605 ante
1663 2567 1750 2605 Ro-

169 2630 255 2672 gum
268 2615 415 2671 scripsit
427 2617 588 2671 copiose
602 2645 610 2659 ,
627 2617 669 2656 &
680 2620 814 2656 ornate
829 2616 976 2671 Lipfius
990 2620 1027 2656 in
1041 2620 1191 2657 Saturn.
1207 2616 1269 2657 hb.
1281 2631 1311 2658 1.
1330 2625 1458 2673 cap.8.
1474 2619 1589 2661 Vnde
1601 2621 1750 2662 Cicero

93 2654 147 2707 D
169 2687 246 2728 pro
261 2674 387 2715 Sulla:
402 2672 696 2728 lnterpositifimt
703 2672 930 2713 Gladiatores
943 2702 952 2717 ‚
967 2672 1039 2721 fid
1045 2688 1115 2727 quo
1125 2672 1326 2724 testamento
1340 2678 1458 2715 Patris
1468 2676 1553 2716 dari
1561 2678 1728 2718 videmus
1743 2712 1749 2719 .

166 2734 214 2773 Et
229 2732 266 2770 in
280 2732 486 2784 Spartiano
501 2729 687 2771 habetur:
706 2729 912 2770 Adrianum
919 2729 1483 2787 precipuos-honoressbcruifieae
1495 2733 1588 2773 ludis
1596 2735 1747 2775 Gladia-

164 2787 272 2842 torijs
282 2785 483 2845 impendisse
497 2815 505 2824 .
526 2786 809 2827 Gladiatorium
825 2787 952 2828 aludis
965 2799 1046 2827 erat
1067 2787 1276 2842 separatum
1289 2817 1300 2833 ,
1327 2790 1456 2830 Liuius
1468 2790 1553 2831 libr.
1567 2795 1632 2833 28.
1650 2793 1752 2832 Huic

166 2843 441 2885 Gladiatorum
456 2842 679 2898 spectaculo
695 2844 778 2884 ludi
794 2844 917 2885 additi
928 2858 1002 2899 pro
1019 2848 1154 2897 copia,
1170 2845 1212 2885 &
1223 2846 1456 2888 Prouinciali
1467 2871 1478 2890 ,
1507 2849 1549 2888 &
1562 2847 1751 2889 Castrenfi

163 2912 350 2956 apparatu
363 2915 374 2946 ς
388 2913 486 2955 quos
499 2902 521 2941 a
539 2901 691 2941 Graecis
704 2899 868 2948 coepiffe
882 2899 1005 2942 tradit
1019 2902 1078 2956 Gy
1086 2901 1180 2942 rald.
1193 2902 1228 2940 d.
1243 2905 1431 2945 Trastatu
1444 2937 1453 2945 .

219 2957 412 2999 Crudeles
425 2956 484 2998 isti
501 2956 675 2998 funerum
686 2960 780 2998 ritus
803 2960 869 3012 qui
882 2959 1043 3011 victimis
1057 2961 1099 2999 &
1121 2958 1362 3000 litationibus
1390 2975 1467 3001 non
1488 2961 1610 3002 solum
1623 2972 1747 3016 pecu-

151 3014 274 3061 dum,
299 3013 487 3056 sedetiam
510 3013 710 3055 hominum
735 3013 856 3056 fiunt:
877 3026 1064 3070 portenta
1087 3019 1199 3069 magis
1220 3030 1330 3071 quam
1352 3018 1448 3059 ritus
1463 3018 1744 3073 appellaueris:

161 3072 290 3126 quales
303 3072 409 3127 apud
422 3071 622 3113 Herodot.
633 3074 670 3112 in
683 3071 919 3126 Melphome
931 3102 940 3116 ‚
954 3073 1004 3126 {in
1016 3071 1214 3113 funeribus
1227 3073 1460 3130 Scytharum
1475 3077 1626 3129 Regum
1637 3073 1744 3115 fuiffe

158 3140 348 3174 narratur,
363 3130 468 3184 apud
481 3142 580 3184 quos
591 3142 669 3169 non
685 3127 794 3169 aliter
804 3142 916 3182 quam
929 3130 1209 3185 quinquaginta
1235 3134 1406 3186 ingenuis
1435 3132 1608 3172 ministris
1629 3133 1747 3187 Regis

157 3185 393 3241 strangulatis
403 3185 663 3243 sepeliuntur.
685 3184 883 3245 Ac-fimile
895 3186 943 3228 de
967 3187 1111 3245 Indicis
1125 3189 1341 3229 mulieribus
1359 3186 1495 3229 scribit
1516 3188 1602 3230 Val.
1620 3189 1750 3230 Maxi-

1295 3245 1336 3287 X
1347 3258 1373 3286 x
1607 3259 1689 3286 mus
