2206 3480
437 140 535 186 374
690 117 782 174 DE
823 116 1327 172 VIR‘GINIBVS
1366 117 1905 180 VESTAIJBVS.³

492 222 541 262 Et
554 218 739 261 Manilius
751 219 814 258 lib·
826 233 865 267 4.
883 217 1232 258 astronomicorum
1246 248 1256 258 .
1584 251 1588 254 .
1634 250 1637 252 .
1663 251 1667 254 .
2066 225 2111 279 A

666 274 768 316 Vesta
790 285 892 321 tuos,
916 277 1136 330 Capricorne
1151 298 1162 319 ‚
1183 273 1651 329 fiuespenetralibuszgnes
1664 308 1673 317 .
1691 290 1693 293 ·

503 332 615 371 Hinc
626 330 782 371 forsitan
799 338 862 385 pra
877 334 917 373 ὃ(
933 331 1058 376 [εῃίὶα
1073 331 1202 372 Mater
1218 332 1397 376 Ecclesia,
1411 345 1451 373 vt
1468 334 1720 374 Ethnicorum
1738 336 1848 376 ritum
1859 335 1910 376 de
1923 338 2016 391 xgne
2029 366 2043 385 .

445 390 509 444 qui
525 389 711 429 Kalendis
729 389 866 439 Martii
882 388 1142 432 renouabatur
1155 392 1175 430 'a
1194 389 1423 434 Vestalibus,
1438 390 1599 432 suaviter
1612 390 1788 433 aboleret
1803 406 2042 451 :propterea

440 448 477 484 in
493 445 666 485 Sabbato
680 443 811 485 fausto
823 448 978 491 induxit
990 449 1083 487 noui
1094 450 1194 502 Ignis
1210 447 1522 489 benedifflicnem
1535 478 1544 493 ‚
1572 450 1835 491 vtdenotetur
1852 451 1954 506 Ignis
1969 465 2041 492 no—

438 501 597 555 uaelegis
611 515 740 542 amore
755 505 945 550 ardentis,
969 509 1079 559 (quae
1100 506 1282 559 prouenit
1308 518 1355 544 ex
1375 504 1516 554 Christi
1533 507 1689 561 morte)
1702 520 1748 548 ac
1764 521 1837 563 per
1850 509 2042 563 ipsam'to'-

438 568 496 598 tus
513 556 900 602 Orbisinflamtnetui·
919 575 936 604 ·:
963 563 1053 602 inde
1066 561 1198 602 eadem
1217 563 1327 603 diein
1351 561 1628 603 benedictione
1645 566 1877 606 Cereicanit
1889 566 2042 606 Diaco-

437 628 507 654 nus
522 615 542 653 e
557 614 746 672 suggestu:
768 619 935 658 Gaudeat
959 618 1122 663 &tellus
1133 618 1436 659 tantisirradiata
1462 619 1674 672 ‚fulgoribus
1696 651 1706 666 ‚
1729 621 1776 665 ό
1795 626 1921 663 aeterni
1938 624 2044 674 Regis

435 672 815 726 splendoreflllzstrata
828 678 939 717 totius
950 676 1058 716 Orbis
1059 675 1103 731 ft
1106 675 1247 730 sentiat
1258 676 1401 731 amgffie
1416 680 1610 730 catrgmcm.
1622 679 1777 720 Laetetur
1793 681 1839 724 (9
1852 689 1968 721 mater
1977 682 2045 722 Ec-

438 729 536 779 clefia
551 734 647 771 tanti
658 731 805 771 luminis
814 732 995 772 adornata
997 731 1209 784 fulgoribus
1222 756 1234 776 ‚
1258 734 1339 777 &a
2014 768 2025 772 ,.

496 786 664 827 vestales
674 817 684 833 ,
698 801 784 828 cum
804 792 904 830 atrio
917 788 1443 833 excedebant,matronarum
1458 791 1643 833 custodiae
1655 791 1952 837 mandabantur,
1966 791 2043 833 Pli-

440 840 528 885 nius*
541 847 622 884 Iun.
634 846 700 896 Ep.
712 844 995 900 lib.7.{Angitme
1004 848 1152 890 Fanniae
1163 846 1337 888 valetudo
1348 877 1358 893 ,
1372 854 1563 889 contraxit
1575 849 1673 890 hanc
1684 872 1695 895 ,=
1705 849 1790 890 dum
1799 848 1924 907 affidet
1933 851 2048 890 lunia

444 901 585 954 Virgini
595 901 725 941 Vestali
737 931 746 946 ,
746 901 881 956 sponte
889 906 1052 955 primum
1080 916 1092 946 ;
1114 904 1243 943 deinde
1252 908 1360 944 etiam
1381 918 1433 944 ex
1459 908 1679 947 anaoritate
1690 910 1910 963 Pontificum
1931 918 2043 952 3nam

446 959 607 1010 Virgines
621 968 699 999 cum
709 963 755 999 vi
766 959 886 1000 morbi
892 964 991 1002 atrio
1003 959 1109 999 12?ssae
1119 970 1292 1012 coguntur
1302 962 1476 1001 excedere
1489 991 1498 1004 ‚
1511 974 1764 1003 matronarum
1778 976 1871 1006 curae
1890 986 1902 1007 ‚
1931 963 2049 1004 cufla-

441 1014 814 1069 diaequemandantur
827 1029 923 1071 ,quo
944 1029 1091 1057 munere
1105 1019 1273 1062 Fannia,
1290 1017 1386 1057 >dum
1404 1017 1534 1071 sedulo
1548 1018 1744 1071 fungitur,
1764 1019 1881 1060 hoedi
1899 1021 2049 1061 crimine
2062 1052 2082 1056 ..

437 1072 623 1124 implicata
639 1072 717 1115 ess.
742 1073 870 1126 Quod
889 1071 1011 1115 etiam'*
1024 1073 1295 1119 animaduertit
1310 1074 1462 1116 Coelius
1482 1074 1655 1131 Rhodig.
1683 1079 1874 1132 antiquar.
1895 1078 2037 1120 lestio·
2066 1059 2106 1111 B

440 1128 605 1170 numlib.
623 1141 637 1170 1
651 1141 682 1179 ς.
698 1143 787 1185 cap.
802 1143 864 1179 14.

293 1224 297 1229 ,
494 1186 635 1241 Magna
647 1197 731 1228 erat
745 1201 866 1242 penes
887 1189 1069 1244 Virgines
1081 1189 1259 1232 Vestales
1272 1190 1480 1231 auffloritas
1494 1222 1502 1231 .
1515 1192 1674 1233 Sueton.
1688 1193 1725 1232 in
1738 1188 2046 1246 Viten.cap.16.

188 1224 356 1254 mmm*
442 1246 522 1284 ait:
549 1244 664 1296 Suafit
676 1247 826 1285 Senatui
846 1255 913 1289 ,vt
925 1246 1056 1298 legatcs
1067 1260 1143 1287 cum
1164 1249 1364 1300 Virgimlus
1381 1248 1578 1288 Vestalibus
1591 1252 1778 1288 mitterent
1795 1275 1805 1293 ,
1835 1251 1962 1290 Pacem
1982 1256 2050 1301 aut

442 1299 536 1340 certe
551 1312 687 1354 tempus
696 1301 749 1341 ad
758 1301 1029 1357 consultandum
1036 1308 1218 1357 petituros
1234 1336 1241 1344 .
1269 1307 1359 1346 Ad<²
1371 1320 1391 1344 e
1416 1305 1457 1344 &
1480 1304 1653 1349 Vibidiae
1673 1308 1731 1348 Vc
1740 1303 1840 1345 stalis
1858 1303 2050 1354 precibus

443 1358 687 1400 Messaiinam
704 1360 863 1402 tentafl‘e
879 1365 1022 1401 veniam
1039 1364 1057 1400 a
1070 1361 1237 1403 claudio
1251 1363 1436 1416 Principe
1461 1364 1599 1402 marito
1619 1361 1827 1415 consequi;
1864 1371 1906 1402 vt
1931 1359 2047 1401 refert

442 1415 607 1457 Tacitus
629 1431 645 1457 1
657 1431 686 1457 1.
706 1416 826 1457 annai.
844 1416 1015 1459 fimimer
1027 1422 1175 1459 Cicero
1188 1428 1288 1460 tit-at.
1309 1430 1346 1460 2.
1359 1422 1493 1474 Agrar.
1509 1422 1560 1459 ait
1570 1445 1578 1456 .
1589 1419 1644 1458 ⁴-Si
1655 1421 1850 1473 quicquam
1859 1417 2047 1472 deliquero

441 1472 645 1527 nullaefimt
658 1476 816 1526 Virgines
827 1488 904 1529 quae
916 1489 971 1514 me
981 1475 1004 1514 d
1016 1475 1121 1515 vobis
1132 1477 1367 1529 deprecentur
1380 1505 1388 1516 .

499 1532 746 1571 Testamenta
761 1546 879 1583 penes
891 1546 952 1572 eas
968 1544 1076 1573 erant
1089 1532 1286 1579 afferuate,
1301 1537 1461 1577 sueton.
1474 1534 1511 1574 in
1529 1531 1680 1574 Caesare
1695 1530 1783 1587 cap.
1799 1535 1863 1586 83.
1876 1532 1930 1573 ait
1946 1563 1955 1572 .
1968 1532 2044 1573 Te-

423 1584 647 1635 stamentum
658 1617 667 1633 ,
681 1592 780 1628 cuius
794 1592 960 1641 aperitur
970 1620 979 1634 ,
993 1592 1241 1645 recitaturque
1255 1594 1295 1630 in
1308 1592 1460 1645 Aaron?
1469 1591 1573 1631 demo
1593 1614 1604 1633 ‚
1630 1589 1731 1644 quod
1749 1589 1870 1628 idibus
1881 1590 2043 1642 septem-

440 1643 564 1682 bribus
573 1648 758 1696 proximis
771 1648 810 1686 in
823 1648 1002 1686 Lauicano
1002 1647 1072 1702 fim
1073 1648 1230 1697 jecerat,
1244 1648 1603 1702 demandaueratque
1611 1648 1748 1699 Virgini
1761 1643 1884 1696 Vestali
1895 1648 1950 1685 M
1953 1647 2045 1686 axi-

438 1713 502 1741 mae
518 1701 619 1742 :Vbi
636 1706 849 1742 notandum
867 1717 976 1743 vnam
991 1709 1092 1744 inter
1105 1719 1166 1744 eas
1182 1706 1412 1745 austeritate
1426 1711 1662 1760 praecipuam
1677 1716 1781 1754 ‚quae
1793 1703 1965 1743 Maxima
1981 1702 2043 1743 di-

436 1756 598 1796 cebatur
611 1785 619 1800 ‚
635 1768 674 1796 vt
689 1760 802 1797 etiam
818 1761 973 1798 Sueton.
988 1762 1025 1797 in
1052 1763 1282 1800 Domitiano
1299 1764 1430 1814 capite
1457 1775 1496 1812 3.
1528 1761 1734 1801 Corneliam
1759 1761 1939 1811 Virginem
1961 1770 2040 1799 ma-

435 1816 580 1853 ximam
593 1824 722 1852 vocat.
759 1815 833 1854 Sed
850 1829 963 1853 nemo
975 1814 1105 1854 melius
1119 1819 1400 1870 praerogatiuas
1413 1814 1607 1870 expreflit,
1622 1828 1734 1870 quam
1753 1817 1899 1855 Seneca
1915 1815 1981 1854 lib.
2000 1819 2039 1855 6.

433 1867 685 1910 Controuers.
702 1874 735 1909 8.
768 1869 858 1909 Tibi
872 1867 1003 1909 Vestali
1013 1873 1150 1924 Virgini
1167 1870 1412 1922 Magssratus
1416 1870 1539 1925 fasces
1556 1870 1645 1925 ficos
1663 1870 1899 1924 submittunt
1915 1895 1926 1914 ‚
1938 1874 1966 1911 C
1970 1884 2031 1912 on·
2059 1881 2107 1934 C

424 1926 524 1982 fides
537 1955 547 1971 ,
566 1924 808 1980 Praetoresqtte
818 1930 885 1965 via
897 1927 1036 1970 cedunt,
1049 1929 1221 1981 nunquid
1226 1930 1360 1978 exigua
1372 1927 1529 1967 mercede
1539 1931 1647 1980 virgo
1667 1941 1701 1967 es
1720 1936 1735 1968 ,ε’
1764 1928 1934 1970 Sacerdos
1947 1942 2036 1969 raro

435 1988 530 2024 iuret
547 2013 556 2027 ,
569 1997 633 2023 nec
646 1996 812 2037 Unquam
825 1983 895 2036 nfi
899 1996 963 2035 per
979 1982 1219 2038 Vestamsuam
1229 1987 1378 2027 moriar,
1390 1981 1569 2038 numquid
1576 1985 1619 2023 de
1629 1985 1763 2038 nuptijs
1774 1985 2003 2037 appellata'es
2014 1994 2033 2026 ,ἔ

432 2045 528 2082 Item
544 2042 753 2095 Carpentis
776 2069 787 2086 ‚
807 2039 869 2082 seu
882 2042 1036 2096 pilentis
1059 2064 1069 2085 ‚
1095 2054 1133 2082 vt
1145 2041 1235 2083 alias
1251 2053 1508 2082 matronarum
1519 2042 1645 2082 vestas
1666 2055 1744 2096 ‚ccx
1759 2044 1946 2082 Suetonio
1962 2043 2035 2084 in.›

435 2099 603 2139 Tiberio
617 2111 704 2151 cap.
718 2111 754 2138 2.

491 2156 680 2194 Honores
692 2155 840 2194 redditi
850 2154 926 2195 iliis
943 2155 1097 2196 fuerunt
1108 2185 1118 2200 ,
1129 2167 1172 2198 vt
1183 2157 1300 2197 etiam
1315 2160 1404 2197 viuo
1417 2158 1530 2197 Patre
1543 2154 1805 2197 testamentum
1819 2153 2008 2197 condere..
2020 2153 2033 2202 ζ

435 2226 477 2252 ac
493 2222 632 2253 caetera
643 2226 776 2266 gerere
793 2212 871 2253 fine
885 2215 1080 2253 Curatore
1093 2214 1251 2268 possent
1280 2238 1291 2258 ‚
1312 2213 1635 2268 quemadmodum
1655 2214 1697 2253 ὅ(
1710 2215 1824 2253 trium
1836 2211 2031 2254 filiorum..

433 2269 607 2314 Matres;
640 2274 690 2310 Vt
705 2282 790 2310 cum
806 2268 968 2311 fascibus
984 2295 996 2314 2
1015 2269 1041 2312 fi
1056 2270 1286 2326 prodirent,
1304 2272 1593 2312 deducerentur
1609 2285 1620 2316 ;
1642 2271 1685 2310 ὅ(
1708 2268 1734 2310 fi
1747 2269 1831 2310 casu
1847 2273 1883 2310 in
1896 2282 2032 2324 quem-

432 2340 544 2380 quarn
556 2326 790 2371 incidissent,
811 2330 878 2381 qui
892 2327 937 2368 ad
953 2338 1115 2368 mortem
1132 2330 1348 2369 duceretur
1360 2358 1368 2373 ‚
1382 2333 1509 2369 necari
1522 2342 1604 2368 eum
1617 2341 1695 2367 non
1711 2326 1879 2371 licebat;
1899 2339 2029 2367 verum

432 2383 609 2424 deierare
626 2384 822 2437 Virginem
837 2385 1056 2438 oportebat
1070 2414 1080 2428 ,
1095 2384 1129 2425 se
1145 2384 1342 2429 forte-,non
1358 2397 1481 2424 autem
1501 2384 1635 2423 dedita
1646 2396 1780 2437 opera,
1793 2383 1834 2423 &
1848 2383 1898 2423 de
1909 2383 2029 2423 indu-

431 2438 516 2479 stria
529 2440 684 2480 obuiam
697 2441 852 2484 fastam,
866 2439 1036 2481 referunt
1053 2441 1219 2481 Plutarc.
1240 2441 1381 2482 Plinius
1394 2470 1402 2479 .
1417 2443 1459 2482 δε
1472 2439 1615 2493 Lipsius
1629 2468 1640 2480 .

489 2499 664 2538 Ornatus
679 2526 690 2542 ,
704 2495 765 2537 seu
783 2497 934 2537 vestitus
948 2511 1073 2538 earum
1088 2498 1315 2538 Suffibulum
1327 2495 1709 2555 appellabatur.Fest.
1722 2498 1858 2552 Pomp.
1877 2494 1945 2537 lib.
1959 2508 2022 2542 17.

431 2556 506 2594 ait.
551 2552 763 2607 Suffibulum
773 2554 1031 2594 vestimentum
1046 2554 1168 2596 album
1181 2584 1190 2599 ‚
1213 2564 1440 2607 praetextum
1463 2578 1473 2598 ‚
1503 2553 1793 2608 quadrangulum
1805 2582 1817 2598 ‚
1832 2552 2020 2603 oblongum

429 2611 531 2664 quod
541 2615 579 2650 in
591 2615 706 2664 capite
718 2611 869 2651 Vestales
879 2615 1039 2664 virgines
1039 2611 1290 2667 sacrificantes
1307 2612 1505 2656 habebant;
1534 2611 1644 2665 idque
1650 2611 1775 2666 fibula
1788 2609 2019 2662 comprehen-

427 2666 582 2706 debafur
595 2700 603 2708 .
641 2670 768 2709 Vittas
786 2671 928 2723 capitis
941 2681 1166 2709 ornamenta
1177 2698 1186 2713 ‚
1201 2681 1241 2708 vt
1255 2669 1333 2710 aliae
1346 2680 1529 2711 matronae
1543 2668 1739 2721 gestabant
1753 2699 1760 2706 .
1773 2667 1827 2707 D.
1839 2663 2018 2706 Ambros.

432 2725 480 2762 ad
507 2725 850 2765 Valentinianum'.
884 2727 956 2765 Vix
967 2726 1105 2779 ftptem
1133 2723 1274 2777 Vestales
1283 2724 1610 2778 capiunturpuellae
1631 2752 1643 2770 ,
1667 2735 1710 2764 en
1722 2733 1817 2764 totus
1828 2735 2018 2768 numerus,
2044 2733 2096 2786 D

430 2793 534 2834 quem
546 2779 662 2831 infida
674 2784 810 2821 vittati
823 2786 949 2834 capitis
962 2811 971 2825 ,
984 2783 1060 2826 &a
1093 2784 1219 2826 Ouid,
1236 2797 1268 2835 3.
1280 2781 1314 2824 fa
1322 2783 1364 2829 st,

655 2839 800 2878 Decidit
812 2849 899 2878 ante
905 2849 1005 2879 atros
1015 2840 1118 2879 lanea
1132 2843 1232 2879 vitta
1229 2839 1337 2891 socos
1348 2871 1357 2882 .

483 2895 529 2935 Et
543 2892 714 2949 3 fastor.

655 2952 845 3007 Nullaque
857 2952 996 2994 dicetur
1008 2956 1126 2993 vittas
1138 2952 1315 3011 temeraffi·
1330 2955 1499 2995 Sacerdos
1509 2986 1520 2996 .

428 3009 521 3049 Nec
537 3008 705 3052 Vestales
718 3012 838 3051 modo
861 3012 983 3052 Vittas
994 3040 1003 3054 ‚
1016 3011 1079 3051 sed
1091 3016 1205 3052 etiam
1220 3012 1279 3061 alij
1297 3009 1516 3052 sacerdotes
1529 3043 1538 3054 .
1553 3010 1720 3052 Tacitus
1732 3011 1858 3063 primo
1875 3003 2016 3047 Annal.

423 3065 596 3105 Sacerdos
606 3066 815 3119 apudaram
829 3066 998 3106 Vbiorum
1010 3079 1160 3120 ruperat
1171 3072 1289 3109 vittas
1318 3098 1327 3107 .
1356 3069 1545 3110 Praeterea
1559 3068 1722 3110 vestibus
1737 3064 1829 3105 albis
1843 3073 2013 3120 contra-2

424 3120 614 3162 lasciuiam
636 3123 807 3166 Vestales
823 3122 1039 3169 vehantur,
1055 3139 1213 3179 quarum
1226 3139 1304 3167 orae
1322 3125 1383 3167 seu
1395 3130 1657 3168 extremitates
1681 3133 1887 3178 purpureae
1901 3128 2018 3174 erant

424 3189 465 3217 vt
477 3179 599 3220 voluit
617 3179 767 3236 Lipfius
783 3180 834 3220 de
851 3179 1065 3223 Vestalibus
1081 3196 1168 3236 cap.
1191 3195 1252 3224 12.

182 3231 406 3265 Ruinam*
479 3236 555 3277 Sed
569 3246 611 3276 vt
621 3250 775 3291 magnus
789 3241 841 3278 eis
857 3237 987 3278 honor
1002 3238 1054 3280 est
1063 3238 1218 3282 habitus
1241 3254 1252 3285 ;
1275 3242 1329 3283 ita
1352 3241 1396 3282 δε
1415 3239 1686 3295 delinquentes
1699 3231 1918 3300 grauissimi}
1941 3230 2021 3274 affi-

1882 3302 1960 3328 cie-

184 804 261 835 Am'o
269 801 415 834 excedentes

187 1568 358 1596 Testamenta
367 1588 374 1596 .

188 2179 297 2205 Honores
305 2195 313 2203 .

185 2515 303 2543 ornatus
308 2533 317 2544 .
