2206 3480
422 122 519 162 118
753 107 865 158 DE
922 100 1710 156 MOLEADRIANL

426 210 537 254 nito,
567 207 675 264 quod
698 208 782 249 Arx
805 202 1046 258 inpotestate
1077 200 1280 241 Gallorum
1296 198 1558 240 cardinalium
1586 199 1696 241 effe-t:
1725 201 1769 241 &
1790 203 1826 242 in
1851 205 2021 259 Campa·
2053 208 2100 264 -Α

422 270 522 307 niam
536 266 714 310 Vrbanus
731 261 951 317 profectum
977 258 1148 313 Populus
1163 269 1256 296 tunc
1270 257 1407 311 pactus
1419 271 1503 297 cum
1522 258 1713 299 Praefeeco
1726 286 1737 303 ,
1754 257 1817 299 seu
1830 263 1866 301 vi
1879 261 2017 302 exafio

421 328 499 364 eius
515 323 711 378 praesidio,
740 318 787 358 ad
803 316 874 357 sese
887 320 1026 358 Arcem
1043 314 1231 356 transtulit
1243 341 1252 351 .

166 408 272 439 Recepta
293 400 313 429 ἃ
328 405 390 431 fon·
479 378 697 420 Bonifacius
710 376 847 415 Nonus
868 372 1018 415 Vrbani
1035 369 1248 415 successor>
1269 384 1356 412 cum
1380 371 1500 426 pendi
1525 371 1593 413 fibi
1617 372 1778 426 publica
1794 374 2014 429 vefflgalia,

163 441 269 478 afim.
421 435 630 478 mandaffet
646 465 654 478 ‚
679 434 790 472 etiam
805 429 964 470 Adriani
980 429 1120 470 molem
1132 431 1302 482 recepit,
1328 443 1441 484 quam
1461 429 1595 484 priscis
1616 428 1877 472 fatiscentibus
1901 435 2012 472 nouis

421 493 620 533 moenibus
638 492 780 533 cinxit,
796 485 1024 541 munitisque
1042 485 1234 527 Pontibus
1246 484 1385 526 fraenos
1399 488 1498 529 Vrbi
1510 486 1710 542 inposuit.
1742 488 1881 528 Verum
1896 489 2012 529 inno-

421 552 555 590 centio
583 550 756 602 Septimo
780 546 828 586 ad
858 543 1134 585 Pontificatum
1147 543 1302 585 eueeto,
1326 546 1492 586 Romani
1506 547 1639 585 iteum
1653 544 1793 585 restitui
1809 545 1878 586 fibi
1891 545 2013 586 liber-

417 617 559 649 tatem,
591 604 784 657 reddique
799 600 1047 657 Capitolium,
1061 612 1219 655 pontem
1237 600 1410 641 Miluium
1424 629 1434 644 ,
1456 601 1497 640 &
1516 605 1658 644 Arcem
1677 603 1888 656 petebant:
1916 614 2011 645 mox

415 666 508 702 itum
524 661 572 703 ad
587 675 709 706 arma,
736 673 779 700 ac
797 673 869 714 per
883 657 1089 698 absentiam
1105 655 1312 698 Pontificis
1329 668 1532 710 occupato
1550 659 1782 714 Capitolino
1805 658 1928 703 colle,
1962 671 2010 698 ac

163 707 387 774 {fflffiffmm‘
414 721 544 760 Ponte
558 719 701 759 Miluio
717 721 880 761 ,Arcem
892 713 1026 755 frustra
1047 725 1325 770 oppugnarunt
1338 747 1346 756 .
1379 715 1442 755 Sic
1468 715 1649 755 recessum
1674 715 1722 755 ab
1739 717 1863 758 armis,
1878 716 2009 756 donec

412 779 560 818 Ioanne
573 773 769 830 Vigefimo
782 775 903 815 tertio
914 770 1104 813 Pontifice
1124 771 1316 811 Ladislaus
1335 774 1460 826 Regni
1485 773 1745 826 Neapolitani
1774 775 1863 813 Rex
1877 772 2015 815 Ostia*

415 834 606 874 Tiberina
618 843 847 887 expugnata,
864 827 1071 883 dirutisque
1082 834 1196 869 nautis
1209 827 1354 882 palatio
1370 829 1610 870 Lateranenfi
1629 832 1778 883 potitus
1793 828 1846 869 est
1858 858 1868 873 ‚
1883 829 2013 870 &Ar-

412 905 497 932 cem
511 889 626 932 saneti
643 891 781 943 Angeli
794 893 829 928 in
843 887 1083 926 deditionem
1096 889 1276 940 accepit:
1309 899 1381 925 nec
1395 886 1517 926 multo
1539 886 1625 940 post
1649 884 1728 940 ipse
1743 900 1895 926 veneno
1909 889 2011 925 inte-

415 950 504 999 riit,
524 946 858 987 cuiushaereditati
872 947 1015 984 Ioanna
1029 944 1208 984 Secunda
1225 943 1374 996 Regina
1394 942 1491 982 illius
1517 940 1625 983 soror
1645 957 1731 983 cum
1754 940 2008 986 successisset,

160 1013 386 1060 RedditaArffee.
415 1005 578 1046 eiusdem
603 1010 756 1045 nomine
786 1005 897 1041 etiam
919 1003 1005 1042 Arx
1026 998 1189 1041 Adriani
1207 999 1413 1038 tenebatur
1434 998 1630 1040 Pontifice
1657 999 1833 1040 absente.
1866 1000 2007 1039 Donec

164 1058 368 1090 '“m¹'⁰⁷¹²¹s¹‘¹·
414 1063 596 1102 Martino
610 1067 659 1104 V.
678 1057 1015 1100 Pontificideinde
1033 1054 1185 1096 reddita
1198 1086 1207 1095 .
1239 1057 1426 1109 Eugenius
1449 1056 1622 1107 Quartus
1639 1058 1856 1098 Pont.orta
1870 1055 2009 1111 populi
2037 1036 2076 1089 B

414 1119 602 1160 seditione
617 1117 663 1157 ad
677 1114 773 1157 Pisas
793 1116 833 1154 &
857 1114 1088 1154 Florentiam
1110 1125 1194 1152 cum
1210 1111 1464 1166 perueniffet:
1497 1113 1663 1153 Romani
1691 1126 1728 1154 vt
1742 1116 1883 1154 Arcem
1903 1114 2009 1153 obti-

414 1187 565 1218 nerent,
579 1175 742 1214 vrbanas
759 1171 946 1211 cohortes
960 1170 1007 1209 ad
1023 1184 1102 1211 eam
1120 1170 1374 1219 admoue‘runt
1387 1192 1398 1212 ‚
1411 1166 1474 1208 sed
1487 1169 1506 1208 a
1522 1167 1710 1210 Praefesto
1725 1170 1882 1224 decepti
1895 1173 2004 1223 quie-

413 1245 578 1274 uerunt.
610 1234 734 1273 Sixtus
750 1231 926 1281 Qxartus
947 1226 1218 1268 Cardinalibus
1237 1224 1637 1266 Arci<Praefe<sturam
1651 1228 1856 1267 renouauit
1870 1225 2011 1269 ‚Chri-

412 1289 623 1344 stophorus
652 1288 694 1327 &
719 1286 861 1326 deinde
888 1286 1120 1324 Dominicus
1147 1285 1318 1324 Ruuerei
1340 1280 1516 1323 Praefeffl
1531 1283 1748 1325 constituti.
1782 1286 1845 1324 Ac
1868 1286 2010 1324 etiam..

410 1350 554 1389 Ennius
575 1343 789 1389 Verulanus
811 1345 854 1382 oc
877 1345 933 1383 Io:
950 1342 1183 1384 Vincentius
1205 1342 1408 1394 Aquauiua
1425 1338 1576 1380 Cardd.
1602 1340 1624 1380 a
1643 1339 1766 1382 Paulo
1786 1331 1930 1380 Tertio
1951 1341 2012 1380 di-

416 1416 582 1445 cuntur.

160 1470 243 1513 'Arg
263 1470 386 1498 nerum
466 1458 695 1503 Alexander
719 1461 853 1499 Sextus
877 1456 1021 1510 Borgia
1045 1457 1080 1495 in
1107 1456 1221 1496 Artis
1248 1453 1464 1494 muniendae
1495 1467 1624 1494 curam
1648 1457 1820 1495 intentus
1839 1476 1851 1497 2
1896 1463 2005 1494 vetus

160 1517 297 1540 ''mmm'‘
416 1516 653 1559 Mausoleum
681 1520 821 1569 magnis
845 1543 855 1558 ,
886 1511 1159 1567 quadratisque
1184 1509 1381 1565 lapidibus
1405 1512 1652 1564 compagium
1679 1541 1689 1556 ,
1725 1525 1845 1566 opere
1874 1508 2006 1550 lateri.

413 1577 470 1616 tio
491 1573 674 1614 excelsius
700 1571 813 1613 fecit,
839 1568 1256 1623 commodasqueaedes
1285 1566 1558 1620 superstruxit,
1585 1568 1886 1623 pulcherrimum
1914 1579 2010 1620 pro-

412 1631 673 1688 pugnaculum
689 1629 887 1684 quadratis
903 1626 1097 1666 tiburtinis
1119 1627 1317 1665 imminens
1333 1623 1497 1666 Tiberi,
1523 1626 1714 1679 Aelioque
1736 1627 1849 1679 ponti
1877 1634 2009 1664 extru-

410 1695 488 1732 xit,
511 1700 612 1728 tutas
628 1686 794 1741 denique
816 1681 1293 1724 munitiones'consiituita
1317 1679 1455 1734 quibus
1470 1677 1547 1734 ipse
1565 1678 1704 1736 sponte
1729 1680 1764 1721 se
1787 1681 2009 1734 aliquandiu

412 1749 555 1788 tenuit,
585 1742 747 1797 ingresso
769 1745 804 1781 in
833 1741 979 1782 Vrbem
993 1753 1079 1779 cum
1103 1741 1234 1793 copiis
1249 1737 1396 1777 Carolo
1415 1738 1575 1777 Ostauo
1600 1741 1834 1778 Francorum
1849 1741 1981 1790 Rege.)
1998 1767 2007 1777 .

415 1805 580 1844 Mortuo
596 1800 822 1843 Alexandro
836 1795 963 1837 Caesar
977 1798 1207 1838 Valentinus
1228 1795 1368 1835 Arcem
1382 1822 1390 1837 ‚
1415 1807 1528 1847 quam
1560 1794 1776 1835 habebatin
1800 1796 2010 1850 potestate,

410 1859 609 1915 aggeribus
624 1859 817 1898 vastatam,
837 1855 874 1893 ἃ
899 1854 1130 1893 Vaticanum
1156 1865 1244 1891 cum
1268 1849 1477 1891 duodecim
1503 1851 1662 1892 millibus
1689 1864 1917 1892 armatorum
1936 1853 2009 1890 cir-

408 1915 625 1959 cumdedit,
656 1925 696 1955 vt
716 1915 847 1953 Patres
863 1914 899 1950 in
913 1911 1059 1950 aedibus
1074 1906 1295 1956 Pontific³js
1321 1906 1526 1948 habituros
1548 1912 1706 1948 comitia
1728 1909 1775 1949 ad
1805 1906 1866 1948 sua
1886 1917 2007 1947 vota„

406 1972 681 2027 compelleret.
715 1973 889 2017 Quicum
909 1970 944 2006 in
972 1968 1092 2006 aeclem
1111 1966 1151 2004 &
1174 1964 1418 2004 Coenobium
1434 1966 1605 2019 Virginis
1628 1964 1738 2020 supra
1760 1967 2011 2004 Mineruam..

410 2027 663 2084 conl‘ugissent
687 2057 696 2073 ,
716 2031 810 2067 inire
841 2026 1012 2064 Comi÷ia
1038 2023 1270 2065 noluerunt,
1292 2020 1420 2060 donec
1444 2022 1589 2077 egresso
1615 2035 1698 2062 cuin
1720 2021 1894 2062 militibus
1924 2021 2010 2060 Cae-

406 2091 485 2131 sare
499 2112 509 2131 ‚
531 2089 724 2128 Vaticano
742 2084 898 2124 &Arce
911 2091 1075 2135 recepta
1097 2101 1110 2123 ,
1129 2076 1362 2133 vrbanisque
1382 2078 1618 2121 cohoitibus
1642 2090 1760 2120 totam
1774 2077 1922 2121 Vrbem
1946 2076 2014 2118 fir-

416 2155 570 2189 marunt
585 2177 593 2184 .
846 2183 849 2186 ,

463 2206 662 2244 Caeterum
679 2200 814 2241 validae
845 2197 1054 2240 Alexandri
1080 2195 1312 2236 munitiones
1340 2198 1524 2250 impetum
1550 2196 1705 2236 vietoris
1734 2194 1927 2235 exercitus
1946 2207 2006 2232 re—

406 2260 645 2315 presserunt,
668 2258 735 2312 qui
751 2255 953 2296 Borbonio
979 2255 1091 2293 Duce
1106 2253 1358 2296 Vaticanum,
1375 2254 1417 2292 &
1436 2253 1578 2293 Vrbem
1595 2255 1788 2307 irruperat
1806 2265 1864 2291 an.
1887 2262 2006 2299 1527.

405 2315 630 2372 septemque
649 2311 750 2367 ipsos
767 2309 907 2352 menses
922 2309 1163 2350 obfidentem
1176 2309 1420 2348 retardarunt
1433 2332 1444 2351 ,
1471 2309 1600 2348 donec
1626 2309 1796 2351 emiffus,
1822 2305 1881 2347 seu
1909 2308 2013 2345 clam'

406 2372 606 2429 profedtus
618 2371 798 2412 Clemens
809 2366 989 2409 Pontifex
1012 2366 1228 2406 libertatem
1245 2368 1398 2418 recepit
1415 2396 1423 2403 .
1453 2365 1593 2405 Fuerat
1619 2363 1844 2404 Alexander
1868 2365 2011 2402 Farne-

407 2432 481 2473 fius
493 2430 610 2471 Card.
624 2442 710 2468 cum
720 2427 925 2468 Clemente
942 2425 978 2464 in
994 2428 1100 2466 Arce
1117 2421 1320 2463 detentus;
1336 2432 1429 2459 tunc
1441 2423 1519 2460 eius
1534 2418 1745 2465 successor,
1767 2418 1905 2459 Paulus
1922 2421 2010 2459 111.

408 2499 674 2541 nuncupatns;
703 2494 833 2524 vetera
848 2496 917 2529 per
931 2479 1177 2522 obsidionem
1194 2475 1364 2532 quassata
1381 2477 1509 2521 refici,
1530 2491 1630 2517 noua
1646 2476 1832 2518 aedificari
1847 2505 1857 2518 ,
1877 2474 2010 2516 instrui

407 2542 833 2585 bellicoinstrumenm,
857 2536 1071 2593 superiores
1087 2535 1186 2576 aedes
1217 2534 1431 2578 instaurari,
1456 2534 1615 2584 pieturis
1634 2537 1762 2574 ornari
1780 2531 1898 2573 iuffit.
1919 2533 2006 2572 Pius

408 2604 583 2655 (Quartus
594 2599 707 2655 plura
720 2597 872 2639 molitus
885 2594 955 2637 est,
971 2597 1036 2650 qui
1050 2607 1150 2633 noua
1165 2595 1306 2632 moenia
1319 2591 1459 2631 latiore
1475 2591 1642 2632 circuitu
1659 2620 1668 2636 ,
1684 2591 1876 2646 porretstis
1888 2586 2003 2643 seseq;

408 2660 575 2700 inuicem
592 2654 786 2696 tuentibus
802 2650 1108 2707 propugnaculis
1123 2649 1302 2689 adiunxit
1321 2680 1328 2688 .

465 2709 954 2766 Quamuis'praefatacaute
980 2709 1274 2763 prudenterque
1303 2702 1684 2758 praeuisazvi·banus
1709 2704 1887 2745 Ostauus
1907 2701 2004 2743 nihi·
2035 2689 2085 2740 D

407 2771 572 2812 lominus
587 2773 650 2810 vix
667 2770 766 2809 inito
778 2765 1020 2808 Pontificatu
1036 2765 1152 2805 rebus
1165 2763 1310 2803 bellicis
1324 2761 1658 2812 maximeintentus
1669 2790 1679 2805 ,
1705 2762 1820 2802 Arcis
1835 2759 2006 2801 molitio·

409 2842 495 2868 nem
509 2827 650 2866 firmius
662 2822 866 2879 aggressum,
890 2821 1068 2862 celeriter
1092 2834 1228 2874 magno
1248 2817 1397 2874 sumptu
1423 2816 1607 2875 perfecit.
1639 2819 1790 2859 Moenia
1812 2831 2012 2871 namquo‘

409 2898 488 2925 non
502 2894 583 2923 tuta
598 2879 772 2923 aduersus
792 2889 1073 2919 tormentorum
1089 2878 1184 2917 istus
1199 2899 1209 2919 ‚
1233 2875 1334 2916 elato
1345 2873 1457 2929 super
1470 2884 1598 2915 terreo
1612 2889 1746 2930 aggere
1770 2874 1819 2916 ad
1833 2888 1900 2915 eos
1923 2872 2003 2915 elu-

409 2939 564 2981 dendos
577 2939 742 2994 oppleta
755 2934 858 2976 sunt:
880 2936 1070 2989 perdusta
1088 2932 1341 2974 latiffimamin
1358 2931 1592 2972 altitudinem
1606 2930 1718 2976 fossa,
1745 2934 2002 2986 eoqueinter-

409 2997 562 3039 fluentis
575 2996 910 3050 aquae‘corriuatus
923 2996 1024 3032 riuus
1037 2989 1110 3031 sese
1127 2989 1312 3030 euoluens
1329 2990 1367 3028 in
1385 2987 1577 3029 Tiberim:
1604 2988 1779 3044 quaedam
1797 3002 1880 3042 quae
1901 2984 2007 3026 desi-

411 3055 649 3095 derabantur
672 3051 822 3092 adiecta
847 3046 1171 3105 propugnacula:
1195 3060 1419 3100 camporum
1439 3056 1546 3086 retro
1572 3049 1778 3086 iacentium
1793 3043 1888 3083 elata
1905 3057 2002 3097 pau-

410 3113 517 3151 latim
544 3110 760 3152 accliuitas‚
783 3117 822 3146 vt
845 3104 947 3147 foffae
971 3105 1168 3159 crepidini
1194 3103 1346 3154 illorum
1369 3102 1536 3143 altitudo
1556 3115 1748 3157 aequaret:
1772 3100 2004 3141 disturbata⁴

413 3171 561 3208 circum
575 3169 676 3208 testa
702 3168 743 3205 &
770 3175 930 3203 vacuum
945 3161 1004 3202 'ab
1027 3159 1204 3209 aedificiis
1229 3158 1463 3214 patefastum
1483 3158 1598 3200 solum
1616 3174 1626 3199 ;
1645 3157 1834 3200 ἀεὶεέὶυηῑ
1852 3171 2005 3212 propu-

413 3225 613 3280 gnaculum
630 3221 823 3279 lapideum
837 3219 1169 3262 AlexandriSexti
1185 3247 1194 3262 ,
1217 3217 1326 3273 quod
1347 3221 1388 3260 in
1414 3217 1543 3259 medio
1556 3215 1682 3263 fitum,
1700 3219 1868 3312 inuiczm
1887 3214 2005 3311 cborn-

1844 3285 1883 3312 ar
1915 3284 1953 3312 as
