2206 3480
338 40 436 94 DE
473 41 792 93 ROMAN.
837 38 1071 91 VIRIB.
1109 38 1248 92 SEV
1287 40 1575 94 POTEN.
1740 64 1766 102 7

179 132 334 174 tutelam
345 132 584 188 sibiluisque,
606 131 682 173 fiue
706 134 744 173 in
759 143 951 173 terrorem
961 130 1134 173 hostibus
1145 155 1156 176 ‚
1182 146 1267 187 quae
1292 146 1353 173 res
1364 131 1411 173 ad
1424 134 1634 187 augendam
1649 138 1762 176 maie-

180 191 312 232 statem
327 214 337 233 ,
351 190 522 231 hostibus
539 201 678 230 metum
689 193 953 230 incutiendum
965 188 1167 243 plurimum
1185 191 1334 245 {emper
1346 189 1461 231 valuit
1473 221 1482 231 .
1513 192 1669 232 fastum
1685 195 1724 232 id
1739 195 1762 234 ὲ

179 246 355 303 Regibus
369 249 544 287 omnibus
557 249 698 302 magnis
710 278 718 287 .
730 248 926 297 Qoniam
937 246 975 284 in
988 259 1087 300 pace
1103 247 1201 289 bella
1217 247 1392 288 meditari
1403 278 1413 294 ‚
1430 248 1635 300 prudentis
1650 251 1761 291 Prin..

178 308 276 360 cipis
288 305 364 349 est;
385 303 589 344 affuescere
603 305 714 343 etiam
726 302 874 342 belloin
887 301 959 341 alta
971 315 1070 354 pace
1081 333 1092 347 ,
1112 302 1289 359 sapientis
1313 304 1366 345 est
1379 338 1388 346 .
1409 304 1599 360 Augustus
1627 318 1761 347 certos

176 360 518 403 annuos'censusin
538 360 709 399 militaria
723 357 912 413 stipendia
936 359 1187 404 decreuerat,
1207 363 1301 402 nulli
1326 362 1434 403 alteri
1457 365 1513 404 rei
1531 362 1763 418 impenden-

175 420 248 459 dos
263 449 273 464 ‚
286 434 332 458 ne
348 422 455 458 nouis
473 414 740 457 exafflonibus
754 414 906 470 populo
918 420 1042 469 grauis
1057 416 1165 456 esset.
1186 418 1279 457 Nec
1291 423 1410 459 minus
1424 423 1460 461 in
1476 418 1645 461 altiffima
1656 434 1760 475 pace

173 474 484 517 intermittebant
498 474 664 512 Romani
675 473 864 512 exercitia
877 471 1049 512 militaria
1065 502 1075 517 ‚
1093 487 1164 513 nec
1183 474 1426 527 ignauescere
1453 476 1537 516 suos
1558 479 1760 532 patieban-

174 543 256 576 tur,
268 542 331 571 aut
343 534 426 569 otio
442 527 616 570 diffluere
632 544 641 570 .·
667 544 769 570 arma
783 527 1254 584 expediebant;&amico
1270 543 1453 586 tanquam
1467 533 1594 574 hostili
1605 539 1708 575 inter
1719 533 1757 575 se

171 585 359 645 procursu
377 601 476 627 arma
499 586 718 631 tentabant,
739 586 1036 641 induebantque
1055 590 1248 628 inimicum
1272 592 1434 630 animum
1449 619 1459 634 ,
1481 605 1594 645 quem
1626 603 1758 633 extra..

172 645 529 685 certaminislocum
547 643 774 699 ponebant:
800 642 1062 685 assuescebant
1073 645 1178 684 duris
1192 674 1201 688 ,
1222 646 1334 686 nudae
1347 645 1485 692 humo,
1511 648 1554 686 ὃ(
1568 649 1665 687 caelo
1683 663 1692 691 ;
1714 650 1757 689 &

170 701 425 756 frig-orafimul
439 715 484 743 ac
498 703 671 741 calorem
686 705 767 756 pati
788 698 988 741 discebant
1002 715 1012 742 .·
1028 701 1081 742 est
1095 701 1189 742 illud
1205 703 1458 758 Hieronymi:
1487 709 1626 755 Corpus
1648 701 1759 759 affiic-

171 769 247 799 tum
256 761 386 798 tunicis
398 788 408 802 ‚
431 759 545 800 loricae
558 771 646 797 onus
656 771 727 797 non
727 756 810 812 fert
822 773 832 802 ;
857 767 966 810 caput
981 769 1143 809 opertum
1155 761 1264 799 linteo
1275 789 1284 804 ,
1292 762 1433 813 galeam
1444 759 1585 814 recusat
1597 776 1606 806 3
1620 761 1758 800 mollem

173 819 247 855 otio
257 829 403 854 manum
414 816 526 854 durus
535 813 731 869 exasperat
745 816 908 867 capulus.
922 817 967 855 Et
977 815 1070 855 illud
1082 817 1308 857 Tertulliani
1319 832 1330 856 .·
1349 821 1469 858 Etiam
1480 820 1519 857 in
1525 828 1617 869 pace
1625 817 1760 858 labore,

172 872 221 915 ὀ
231 873 459 912 incommodis
467 872 595 911 bellum
614 874 700 923 pati
708 872 868 926 edifiunt
877 887 887 916 ;
907 874 947 911 in
957 875 1071 912 armis
1081 872 1345 914 deambulando
1356 899 1369 922 ‚
1391 886 1553 926 campum
1565 874 1759 915 decurren-

179 925 368 984 dmfhffam
377 929 578 971 molliendo,
590 927 805 969 testudinem
814 928 992 980 dficcado
1006 943 1018 968 .·
1033 943 1135 970 nemo
1150 934 1244 971 enim
1256 932 1352 970 miles
1363 932 1407 972 de
1417 931 1575 975 cubiculo
1587 931 1638 971 ad
1645 933 1757 970 aciem

169 985 345 1038 procedit:
356 986 430 1028 &a
443 985 650 1025 Laudatuni
664 990 775 1026 etiam
787 987 826 1026 in
837 988 877 1027 P.
887 986 1031 1026 Rutilio
1044 987 1146 1028 Coff.
1163 989 1344 1028 Romano
1358 988 1429 1029 fuit
1443 1002 1491 1030 ex
1505 987 1757 1028 VMaximo:

175 1041 519 1099 Qoddofflioribus
531 1042 986 1096 gladiatoribusacceifitiss
1003 1044 1156 1084 vitandi
1166 1054 1278 1099 atque
1290 1044 1471 1097 inferendi
1483 1046 1575 1086 icius
1583 1044 1757 1099 fitbtilio-

170 1114 244 1139 rem
257 1101 432 1139 rationem
446 1099 638 1151 legionibus
652 1103 936 1152 ingene-ranerim
952 1103 1133 1140 virtutem
1144 1105 1237 1144 arti,
1261 1102 1308 1145 ὼ
1329 1101 1453 1153 rursus
1471 1112 1588 1142 artem
1612 1102 1754 1141 virtuti

167 1155 417 1210 im7n7s5uerit;
439 1166 486 1194 vt
495 1155 558 1195 illa
569 1157 811 1208 impetuillius
820 1153 966 1207 sortior
981 1181 991 1201 2
1005 1157 1183 1198 haecsillius
1192 1159 1350 1213 scientia
1359 1158 1640 1214 cautiorfieret.
1708 1212 1710 1214 Ι

220 1214 418 1266 Qantum
429 1227 523 1253 vero
535 1213 703 1254 militaris
715 1214 799 1253 haec
810 1217 1045 1255 exercitatio
1055 1218 1238 1256 momenti
1252 1216 1366 1256 rebus
1377 1215 1537 1260 adferat,
1551 1231 1598 1257 ex
1614 1231 1661 1256 eo
1674 1214 1755 1255 col·
1805 1216 1999 1243 Mi'ifa'ffld

164 1267 229 1323 ligi
247 1268 375 1324 potest
390 1293 401 1314 ‚
424 1269 531 1325 quod
547 1271 744 1310 Romanos
757 1271 859 1311 nulla
875 1285 915 1310 re
928 1275 1041 1326 magis
1055 1285 1168 1327 quam
1190 1288 1381 1314 armorum
1400 1284 1592 1328 perpetua
1606 1276 1752 1313 exerci-
1774 1265 1990 1323 {ffixjggssrz‘ffm‘m

162 1329 330 1371 tatione,
344 1326 634 1382 castrorumque
648 1326 850 1382 disciplina
866 1328 1000 1369 orbem
1013 1327 1212 1370 subiecisse
1228 1341 1434 1373 terrarum,
1460 1331 1597 1370 auctor
1619 1330 1664 1370 fit
1681 1331 1755 1369 Ve-

168 1387 311 1438 getius.
343 1385 404 1423 De
427 1398 502 1438 qua
523 1398 563 1424 re
583 1385 671 1425 vere
699 1387 749 1426 V.
766 1385 1115 1440 Maximusinquit:
1135 1383 1519 1441 DistJPIinamilitaris
1538 1390 1673 1427 acriter
1695 1400 1754 1426 re-

163 1450 266 1480 tenta
282 1469 290 1484 ‚
306 1442 555 1493 principatum
568 1441 683 1482 Italiae
694 1442 828 1493 Populo
851 1444 1014 1482 Romano
1026 1444 1192 1494 peperit,
1213 1444 1259 1486 ὠ
1284 1444 1483 1482 multarum
1510 1443 1674 1487 lobium,
1697 1456 1756 1481 ma

151 1510 306 1549 gnarum
319 1509 529 1548 regnorum,
555 1495 858 1552 validifflmaram
873 1501 1035 1549 gentium
1055 1502 1211 1550 regimen
1233 1500 1366 1551 largita
1380 1498 1434 1538 esi
1447 1498 1594 1550 ;fizuces
1618 1501 1759 1539 Pontici

146 1555 250 1609 sinus
261 1551 439 1605 patefecit,
450 1554 596 1605 Alpium
610 1576 621 1598 ,
635 1555 824 1608 Taurique
833 1558 964 1594 montis
976 1554 1141 1609 conuulfh
1159 1555 1316 1596 claustra
1331 1556 1500 1600 tradidit,
1515 1566 1633 1596 ortam
1645 1556 1757 1607 bpar-

157 1611 244 1652 uula
254 1612 406 1650 Romam
417 1609 518 1664 casa,
551 1614 661 1651 totius
683 1622 864 1650 terrarum
887 1612 983 1651 orbis
993 1611 1092 1661 jecit
1111 1612 1292 1653 columen.
1317 1615 1467 1654 Docuit
1480 1612 1662 1668 exemplo
1674 1616 1757 1654 Sci-

157 1671 248 1723 pio,
266 1670 332 1722 qui
346 1665 622 1711 scortis‚luxu‚
645 1668 796 1718 delicljs
812 1671 904 1709 totis
919 1669 1049 1710 castris
1073 1670 1228 1710 exulare
1248 1668 1373 1715 iussis,
1397 1672 1597 1712 Romanos
1610 1672 1631 1709 ὲ
1647 1670 1757 1711 vistis

157 1726 324 1766 victores
338 1724 531 1765 reddidit:
549 1726 878 1781 Numantiamque
890 1756 900 1771 ,
915 1740 1001 1780 quae
1016 1737 1184 1782 quatuor
1195 1728 1240 1768 δε
1255 1728 1393 1769 decem
1406 1734 1511 1782 annis
1525 1731 1665 1768 terrori
1683 1730 1756 1768 Im-

155 1779 412 1838 periofuerat‚
426 1780 505 1822 solo
521 1784 696 1838 aequauit.
717 1787 891 1825 steterat
904 1783 964 1824 illa
977 1785 1134 1827 inuicta,
1148 1786 1329 1840 quamdiu
1342 1785 1463 1831 luxus,
1481 1787 1523 1826 &
1539 1783 1754 1839 disciplinae

157 1839 331 1881 militaris
341 1837 636 1893 fuitneglestus:
660 1852 701 1882 vt
711 1844 872 1897 primum
885 1840 971 1882 haec
985 1841 1155 1882 restituta
1167 1872 1176 1886 ‚
1216 1842 1366 1884 cecidit
1379 1853 1442 1883 tot
1463 1840 1752 1884 fortiffimorum

157 1897 315 1938 Ducum
327 1897 467 1937 vistrix
482 1898 711 1939 Numantia.
744 1902 803 1940 Ita
814 1899 1080 1939 V.Maximus:
1104 1902 1235 1953 Itaque
1247 1901 1409 1953 negleaae
1430 1898 1625 1954 disciplina
1645 1899 1750 1938 mili-

156 1956 248 1997 tar-is
256 1953 428 1994 indicium
441 1977 452 1996 ›
464 1957 648 1995 Mancini
661 1954 873 2010 miserabilis
882 1956 1041 2000 dediti03
1059 1956 1217 2009 struatae
1228 1970 1357 1996 merces
1369 1985 1379 2000 ,
1390 1953 1661 2010 speciostffimus
1677 1954 1751 1993 Sci-

149 2013 274 2065 pionis
283 2010 487 2063 triumphus
497 2014 650 2052 extitit.
665 2014 752 2053 Vna
764 2012 933 2052 militaris
953 2011 1154 2065 disciplina
1169 2011 1383 2066 collapsum
1398 2015 1487 2051 luxu
1505 2016 1750 2051 exercitum„

156 2067 320 2122 pristino
333 2068 470 2108 robori
484 2067 666 2114 restituit,
690 2068 843 2109 hostem
857 2071 958 2108 vinci
970 2067 1080 2123 poffe
1091 2069 1230 2109 docuit
1246 2090 1257 2110 ›
1278 2066 1532 2125 Africamque
1564 2069 1749 2110 Romano

158 2127 332 2179 Imperio
353 2122 521 2179 subegit.

208 2179 352 2223 Classes
369 2193 579 2235 perpetuas
605 2184 641 2221 in
670 2182 852 2222 Romano
883 2184 1052 2237 Imperio
1080 2182 1246 2222 extitisse
1269 2211 1279 2227 ‚
1303 2196 1387 2238 quae
1410 2184 1452 2223 ὃς
1479 2186 1623 2238 piratas
1639 2181 1749 2223 cohi·
1769 2202 1900 2246 (Ἴψῳ-η
1912 2206 1992 2235 man:

154 2237 314 2281 herent,
337 2238 381 2278 δε
398 2237 526 2278 hostes
550 2240 825 2279 excluderent.
856 2239 1022 2280 Fuerunt
1041 2240 1100 2282 hae
1127 2238 1256 2279 claffes
1274 2243 1309 2279 in
1332 2238 1416 2294 ipso
1440 2243 1532 2280 mari
1555 2250 1747 2296 quatuor:

154 2298 290 2350 primae
315 2293 401 2335 duae
421 2298 583 2335 maiores
596 2325 605 2339 ,
632 2297 829 2338 Praetoriae
854 2297 965 2337 dif’tae
991 2296 1231 2351 splzfinenfis,
1258 2297 1304 2340 ὠ
1331 2299 1546 2342 Rauennam
1564 2296 1747 2351 exemplo

150 2353 420 2393 Praetoriarum
433 2352 655 2393 cohortium
666 2382 676 2398 ,
691 2357 779 2408 quia
791 2356 840 2394 ad
853 2354 967 2395 ltaliae
980 2384 990 2398 ‚
1016 2356 1057 2395 ὃς
1073 2357 1264 2409 Principis
1283 2354 1438 2395 tutelam
1457 2370 1466 2394 :
1482 2353 1545 2396 sed
1557 2369 1611 2396 eae
1623 2354 1746 2409 quoq;

151 2408 201 2448 ab
215 2407 388 2463 Augusto
401 2409 579 2450 institutae
594 2439 602 2453 ,
622 2421 733 2451 notat
749 2414 890 2451 Sueton
907 2426 915 2451 :
930 2409 1073 2468 Claffi'm
1084 2412 1250 2467 Miseni,
1272 2412 1319 2455 ὠ·
1335 2412 1492 2452 alteram
1502 2414 1684 2452 Rauennae
1697 2411 1751 2451 ad

155 2466 305 2516 tutelam
319 2465 448 2519 superi
459 2467 505 2509 ὢ
516 2466 628 2516 inferi
637 2470 750 2507 maris
762 2468 949 2508 collocauit
964 2500 972 2509 .
1002 2470 1044 2509 δε
1068 2469 1231 2511 Tacitus
1243 2485 1281 2516 4-
1297 2469 1435 2510 Annal.
1446 2470 1595 2509 Italiam
1611 2479 1742 2524 vtroq.

148 2525 243 2562 mari
253 2523 330 2561 duae
342 2520 654 2578 claffisMfinum
662 2525 779 2577 apud,
803 2525 848 2568 ὠ
863 2528 1078 2566 Rauennam
1095 2526 1358 2580 praest'a'ebant.
1384 2526 1462 2567 Sed
1481 2527 1597 2580 magis
1612 2525 1740 2566 distin·

32 2609 41 2625 ,
151 2578 212 2618 &e
230 2581 413 2633 Vegetius
424 2579 533 2628 lib.4.
548 2581 658 2632 Apud
665 2581 912 2635 rufinum&
927 2584 1142 2622 Rauennam
1148 2582 1297 2635 fingulae
1319 2583 1468 2634 legiones
1491 2596 1569 2622 cum
1583 2580 1744 2638 clafflbus

66 2634 120 2686 D
150 2634 322 2679 flabant,
341 2650 386 2675 ne
398 2636 534 2689 longius
559 2636 582 2674 ἀ
607 2638 719 2676 tutela
742 2638 842 2681 Vrbis
859 2638 1108 2692 abfiederent5
1131 2639 1178 2682 ὠ·
1202 2652 1279 2678 cum
1296 2642 1393 2680 ratio
1410 2638 1638 2692 poflu'lasset,
1659 2642 1743 2693 fine

150 2703 250 2730 mora
260 2715 272 2734 ,
281 2691 365 2742 fine
379 2696 531 2733 circuitu
543 2693 595 2733 ad
601 2707 719 2733 omnes
741 2694 869 2735 mundi
882 2704 1008 2746 partes
1017 2698 1276 2748 peruenirent:
1299 2709 1384 2736 nam
1396 2700 1453 2736 M
1454 2695 1644 2750 istnatium
1655 2696 1743 2751 clas-⁸

134 2745 190 2800 fis
199 2747 355 2788 Galliam
366 2772 378 2792 ‚
389 2752 434 2788 H
437 2748 594 2803 ispanias
604 2778 614 2794 ,
634 2753 916 2792 Mauritaniam
926 2775 936 2795 ‚
951 2751 1113 2804 Africam
1124 2776 1134 2796 ‚
1150 2758 1345 2805 Aegyptum
1358 2782 1368 2798 ‚
1386 2753 1595 2794 Sardiniam
1605 2777 1616 2797 >
1629 2764 1742 2809 atque

148 2804 304 2843 Siciliam
316 2803 466 2845 haberet
477 2810 515 2846 in
532 2810 709 2859 proximo
721 2823 732 2847 .·
755 2808 876 2863 Claffls
888 2821 978 2848 vero
988 2811 1258 2850 Rauennatium
1268 2812 1418 2862 Epirum
1430 2840 1440 2855 ,
1459 2810 1738 2854 Macedoniam,

150 2859 336 2905 Achaiam,
349 2863 601 2912 Propontidem
615 2887 627 2906 ‚
637 2866 791 2904 Pontum
803 2889 815 2908 ‚
824 2868 1007 2905 Orientem
1021 2895 1029 2910 ,
1042 2870 1189 2906 Cretam
1202 2890 1213 2910 ‚
1225 2871 1383 2919 Cyprum
1390 2877 1513 2919 petere
1524 2866 1662 2906 diretta
1672 2881 1737 2905 na-

149 2919 330 2969 uigatione
341 2916 585 2971 confiteuerat.
610 2918 797 2970 Claffiarij
814 2923 992 2976 plerique
1007 2928 1154 2967 exteri,
1178 2924 1220 2963 δε
1232 2938 1308 2964 non
1328 2927 1452 2966 ciues:
1477 2925 1518 2962 ὅτ.
1532 2924 1582 2962 de
1595 2922 1736 2962 Classe-2

152 2974 384 3014 Rauennate
397 2976 570 3016 Tacitus:
580 2978 770 3029 ambiguos
777 2978 933 3017 militum
941 2980 1194 3035 animos,qu0d
1202 2993 1331 3032 magna
1335 2991 1426 3032 pars
1437 2980 1628 3019 Dalmata&
1638 2981 1735 3018 Pan-

150 3032 436 3084 noniqueerant.
465 3033 518 3072 Et
536 3033 645 3087 quod
666 3033 808 3074 naualis
830 3034 964 3075 militia
979 3039 1090 3076 etiam
1106 3035 1256 3077 Misena
1268 3036 1349 3076 vilis
1364 3036 1454 3078 effet
1466 3034 1571 3090 apud
1587 3037 1732 3077 Roma·-

150 3098 242 3131 uos,
259 3087 438 3143 Virgilius
449 3088 660 3133 indicauit,
674 3103 761 3130 cum
777 3090 968 3132 Misenum
983 3092 1061 3133 illic
1076 3093 1212 3146 sepelit
1224 3097 1377 3134 Aeneas
1747 3094 1749 3096 ’

370 3146 686 3202 Imponitfisaque
702 3160 807 3188 arma
830 3151 915 3189 viro
927 3179 939 3196 ,
958 3163 1187 3205 remumque,
1207 3150 1423 3204 tubamque.

1576 3206 1677 3246 Nam
