2206 3480
355 65 460 123 DE
499 61 960 125 FVNERIBVS
999 61 1598 118 ROMANORVM.
1691 84 1783 126 353

131 143 174 196 A
202 159 246 200 ὅτ.
262 157 579 213 {magnificentia
593 154 707 197 huius
716 152 1020 211 sepulcrinatum
1036 152 1089 203 est
1101 154 1353 210 prouerbium
1376 178 1387 199 2
1407 165 1448 199 vt
1465 169 1543 195 rem
1555 157 1793 210 magnificam

200 217 245 257 δε
258 213 513 270 sumptuosam
528 211 767 255 Mausoleum
782 211 1065 267 appellaverint
1087 244 1096 253 .
1124 212 1193 253 Ad
1211 212 1321 253 huius
1331 215 1566 261 monumenti
1576 215 1791 254 imitatione

201 274 394 317 OC’tauius
409 276 507 327 Aug.
523 274 708 316 Romaein
718 284 862 325 campo
873 270 1019 311 Martio
1030 282 1316 312 monumentum
1336 270 1550 322 construxit
1567 300 1578 316 ‚
1601 274 1711 326 quod
1748 272 1791 310 &

197 330 318 385 ipsum
335 329 570 373 Mausoleum
582 327 810 384 appellauit,
825 327 873 371 de
890 341 970 382 quo
983 326 1203 372 Strabolib.
1219 339 1250 377 ς.
1281 331 1327 370 In
1348 328 1492 382 excelsis
1498 326 1705 379 fimdatum
1722 327 1793 366 col-

196 388 292 429 libus
305 412 316 432 ,
332 388 565 441 lapidenjueo
579 415 589 431 ,
604 386 649 430 ό·
657 395 840 439 perpetua
855 386 1065 426 viriditatis
1077 384 1269 424 arboribus
1292 396 1494 438 coopertum
1516 415 1526 429 ,
1547 389 1586 424 in
1605 384 1790 440 fitmmum

192 444 310 500 easque
320 448 495 485 verticem
507 444 560 482 ad
553 442 723 497 fluminis
732 444 852 495 rilmm
864 440 1316 495 exaggeratum-,infltmmo
1325 452 1444 482 autem
1457 442 1666 496 eflpcfitum
1677 441 1793 496 Caesb-

191 505 244 543 ris
253 510 344 555 Aug.
349 501 586 556 simulacrum
596 513 647 540 ex
656 514 724 542 aere
721 498 954 552 fabricatum
967 497 1052 539 ‚Sub
1065 509 1192 549 aggere
1201 497 1364 552 ipfiifimt
1374 498 1479 538 loculi
1491 503 1565 539 eius
1577 529 1587 545 ,
1603 500 1649 542 (φ
1663 511 1789 551 cogna-

189 567 309 600 torum
331 586 342 602 ,
362 558 410 600 ὠ·
428 554 695 614 necffiriorum
723 588 731 597 .
750 553 946 609 Atergost
965 557 1039 597 eius
1051 553 1149 592 lucus
1163 555 1319 607 mirifica
1344 559 1527 595 continens
1545 556 1755 597 ambulacra
1776 586 1787 596 .

195 619 242 657 In
264 615 381 655 medio
391 623 510 654 autem
524 617 655 668 Campi
658 612 787 666 spatio
803 612 869 668 fiii
885 610 983 651 huni
1005 617 1116 649 extat
1136 609 1291 652 ambitus
1310 639 1320 653 ‚
1356 611 1402 653 (φ
1423 611 1563 666 hicipfi’
1576 618 1680 653 niueo
1698 626 1787 666 per-

178 671 302 725 fel'lus
328 671 449 724 lapide
473 694 484 714 ‚
510 670 655 724 firreos
671 675 708 709 in
733 672 884 710 circuitu
903 667 1073 708 cancellos
1090 666 1227 707 habens
1248 690 1260 711 ‚
1283 667 1330 711 ὠν
1345 668 1535 720 plantatas
1551 669 1780 724 praeseferens

181 729 336 783 populos
355 761 363 770 .
397 729 518 769 Huius
534 726 722 769 Mausolei
741 728 900 766 Sueton.
922 726 962 765 in
992 724 1165 765 Oc‘iauio
1187 727 1357 773 meminit
1372 755 1381 766 .
1410 724 1598 779 Reliquias
1626 727 1783 777 legerunt

188 782 448 839 proximiores·
460 784 644 840 equ'efirus
667 782 806 823 ordinis
833 783 991 823 tunicati
1014 804 1026 825 ‚
1052 782 1099 827 ὠ·
1122 779 1288 836 distineri
1316 781 1538 837 pedibusque
1566 783 1670 823 nudis
1689 813 1698 827 ‚
1741 797 1783 822 ac

185 847 225 884 in
241 843 418 898 mausoleo
433 839 803 895 condiderunt.ldque
810 849 896 891 opus
905 841 1002 885 inter-
1015 839 1237 886 Flumineam
1248 842 1355 881 viam
1365 842 1522 893 ripcimq;
1536 840 1785 895 Tyberissex-

186 897 296 953 tofiso,
307 899 732 953 consulatuvextruxerat
744 921 756 941 ‚
767 895 1200 951 circumieHasqueffiluas
1211 925 1221 940 ‚
1244 897 1291 940 ὠ·
1314 895 1619 936 deambulationes
1629 899 1668 936 in
1683 896 1788 952 vfiaem

188 956 318 1008 Populi
330 965 418 995 tunc
427 956 720 1008 iampuplicarat
743 986 752 996 .
785 952 970 994 Tradunt
993 954 1110 998 etiam,
1125 953 1418 995 Constantinum
1444 967 1615 1008 magnum
1642 953 1789 994 mauso-

182 1013 334 1056 leumin
347 1011 541 1058 honorem
553 1015 688 1052 matris
702 1010 873 1053 erexisse,
889 1012 932 1051 ὃς
944 1011 1106 1052 eandem
1123 1009 1304 1066 sepulcro
1317 1009 1601 1066 porphyretico
1618 1009 1787 1053 inclusis-

183 1069 222 1112 se
236 1103 244 1112 .
259 1070 438 1112 Alterum
449 1068 664 1124 sepulcrum
683 1066 890 1123 spessabile
901 1070 939 1108 in
954 1067 1064 1110 Vrbe
1078 1066 1147 1107 fuit
1161 1069 1346 1110 Hadriani
1364 1067 1584 1112 Caesaris‚de
1595 1082 1675 1124 quo
1687 1068 1787 1110 Pro-

187 1128 358 1183 cop.lib.
380 1128 472 1168 1.de
489 1127 576 1167 Bell.
590 1126 853 1174 Goth.inquit
867 1153 875 1161 .
889 1124 1085 1165 Hadriani
1093 1128 1338 1168 Romanorum
1351 1128 1443 1177 Imp.
1459 1124 1788 1179 fipulcrumextra

184 1193 331 1237 portam
340 1184 529 1225 Aureliam
542 1193 652 1223 extat
661 1213 670 1228 ,
684 1182 734 1226 ό
745 1184 799 1222 ad
809 1183 940 1234 lapidis
953 1183 1087 1224 ianam
1099 1198 1120 1222 a
1129 1183 1312 1222 moenibus
1317 1183 1448 1234 procul
1457 1183 1668 1223 extrulium
1678 1211 1689 1227 ‚
1709 1183 1787 1236 spe.

186 1243 288 1282 Ham
293 1240 536 1294 proculdubio
549 1240 708 1292 dignum:
713 1242 822 1291 pario
833 1252 991 1293 namque
1002 1251 1052 1278 ex
1062 1238 1183 1291 lapide
1192 1240 1406 1294 ‘edificatum
1419 1237 1472 1279 esi
1485 1267 1495 1282 ,
1504 1238 1608 1293 sbxa
1623 1240 1788 1293 quadra.

186 1309 225 1338 ta
235 1299 451 1338 illiinuicem
460 1309 561 1338 nexa
574 1297 647 1336 alia
661 1297 760 1336 nulla
774 1299 996 1337 intermixta
1006 1299 1162 1336 materia
1175 1324 1184 1340 ‚
1205 1296 1281 1340 &a
1295 1296 1491 1345 altitudine
1504 1306 1624 1335 tamen
1637 1295 1711 1337 haec
1721 1298 1786 1336 Vr-

187 1354 242 1396 bis
255 1358 384 1396 moenia
383 1352 566 1406 superant
581 1368 588 1394 :
605 1352 734 1395 flatuae
744 1367 888 1409 quoque
898 1365 949 1392 ex
965 1352 1084 1393 eodem
1091 1355 1201 1406 pario
1213 1367 1393 1394 marmore
1401 1355 1583 1398 virorum,
1593 1363 1786 1409 equorum*-

184 1426 256 1467 que
263 1415 356 1451 miro
365 1410 506 1464 artifici
509 1427 528 1451 o
526 1409 804 1465 sac'iaeffdefiiper
813 1410 964 1463 insident
974 1431 985 1453 ,
1002 1409 1078 1459 &a

226 1472 302 1511 VAt
315 1471 501 1523 quoniam·
516 1466 736 1522 Regiahaec
754 1466 935 1508 &fimilia
945 1466 1235 1513 multamodum
1257 1483 1335 1510 non
1354 1468 1526 1511 habuere
1547 1491 1558 1512 a
1582 1481 1783 1523 quorum...-

187 1526 276 1582 plus
286 1525 386 1567 iusto
401 1524 618 1581 sumptuosa
631 1523 707 1566 visa
720 1523 803 1566 sunt
825 1540 835 1570 ;
865 1524 1023 1565 modum
1038 1523 1253 1567 huiusmodi
1276 1524 1485 1581 sumptibus
1500 1527 1784 1582 praestiterunt,

186 1595 229 1624 vt
243 1579 361 1624 refert
372 1585 520 1624 Cicero
529 1582 696 1624 lib.2.de
708 1581 992 1637 legibuS.Apud
1009 1582 1261 1624 Athenienses
1282 1584 1528 1625 Demetrium
1546 1585 1691 1637 Regem
1705 1582 1784 1622 san—

185 1639 279 1681 xiffe
295 1669 304 1685 ,
320 1654 368 1680 ne
385 1643 468 1694 quis
481 1637 695 1694 sepulcrum
706 1638 852 1680 faceret
867 1638 1068 1694 operosius
1081 1669 1090 1685 ,
1108 1654 1221 1694 quam
1235 1643 1342 1695 quod
1355 1644 1493 1681 decem
1509 1641 1683 1680 hommes
1699 1636 1781 1679 effi-

187 1709 329 1739 cerent
338 1697 471 1738 triduo
482 1726 492 1742 ‚
511 1710 584 1744 nec
597 1695 712 1752 super
722 1708 833 1737 terrae
850 1695 1033 1741 tumulum
1048 1696 1168 1737 voluit
1200 1699 1296 1751 quid
1323 1697 1434 1738 statui
1450 1697 1517 1739 nifi
1528 1696 1780 1737 Columellam

185 1753 308 1795 tribus
326 1754 470 1794 cubitis
482 1768 562 1794 non
579 1754 752 1794 altiorem
765 1767 775 1793 .·
792 1752 907 1792 firnile
922 1756 1034 1792 etiam
1047 1754 1164 1792 refert
1179 1753 1290 1794 Plato
1302 1767 1389 1794 cum
1407 1754 1492 1804 alijs
1504 1786 1512 1794 .

119 1813 166 1863 C
240 1811 351 1852 Hinc
363 1809 515 1865 sumpto
530 1810 1175 1866 argumentoinquiramusinjquem
1192 1810 1303 1851 finem
1320 1811 1542 1867 Pyramides
1565 1811 1607 1850 δε
1632 1811 1786 1852 ςοΙυιη-,
1846 1815 1980 1861 coafmna
1996 1817 2029 1852 ἐν

188 1881 257 1909 nas
268 1871 463 1910 erexerint
480 1868 596 1908 Prisci
613 1868 839 1909 Romani&
855 1866 936 1907 aliae
959 1869 1135 1907 nationes
1156 1869 1202 1907 ad
1214 1866 1388 1921 sepulcra
1409 1877 1424 1908 ?
1450 1869 1490 1907 ὃς
1513 1868 1674 1908 dicimus
1703 1882 1780 1908 non
1804 1857 2035 1932 sffssss'ssjcffh

184 1924 580 1978 aliterinhnudnmssvt
594 1925 710 1979 aliqui
725 1925 985 1965 crediderunt
1009 1951 1020 1967 ‚
1046 1921 1110 1963 sed
1130 1927 1167 1963 in
1185 1924 1327 1978 lignum
1350 1924 1565 1965 nobilitatis
1578 1927 1780 1980 magnique
1904 1903 1920 1934 p
2002 1917 2009 1923 ⁶

184 1983 348 2024 honoris
363 1983 564 2023 columnas
581 1984 630 2022 ad
643 1982 821 2036 sepulcra
832 1981 1001 2033 erecstas„
1015 1978 1248 2034 significauit
1269 1980 1433 2022 Homer.
1447 1980 1552 2023 Iliad.
1567 1980 1633 2022 lib.
1653 1995 1667 2022 1
1678 1985 1716 2023 6.

412 2039 471 2079 Ibi
483 2038 598 2093 ipfiim
603 2037 778 2093 sepelient
775 2035 992 2091 fratrefiyue
1004 2036 1167 2091 ciueffiue
1232 2039 1240 2045 ’

413 2098 470 2135 M
474 2105 737 2149 onumentoque
745 2124 754 2139 ‚
765 2094 1013 2148 Columnaque
1023 2107 1032 2134 ι
1041 2093 1102 2134 hic
1113 2096 1210 2134 enim

411 2153 547 2192 Honor
564 2152 703 2192 estmor
711 2161 855 2191 tuorum
876 2184 883 2191 .

241 2214 304 2254 Ac
319 2212 430 2250 etiam
444 2208 495 2249 de
508 2208 713 2250 Columnis
726 2207 1189 2265 sepulcralibusloquitur
1213 2212 1366 2252 Seruius
1382 2210 1448 2252 lib.
1462 2223 1494 2262 ς.
1523 2211 1687 2253 Aeneid.
1707 2215 1781 2253 Co-

188 2271 317 2313 lumnae
332 2268 484 2308 mortuis
498 2266 679 2306 nobilibus
680 2265 981 2320 fiiperponuntur
992 2268 1044 2307 ad
1052 2267 1309 2309 ostendendum
1321 2283 1443 2310 eorum
1453 2270 1611 2310 columen
1629 2301 1643 2316 .,
1658 2270 1778 2309 Huius

187 2330 304 2366 moris
317 2325 488 2366 meminit
500 2327 612 2364 etiam
626 2327 660 2364 S.
676 2324 842 2366 isidorus
853 2323 1053 2378 Hispalen.·
1063 2324 1128 2365 lib.
1148 2340 1163 2366 1
1176 2337 1208 2375 ς.
1224 2327 1334 2381 Orig.
1349 2340 1435 2382 cap.
1450 2341 1465 2369 1
1479 2342 1509 2368 1.
1521 2328 1609 2367 dum
1623 2327 1676 2367 ait
1699 2359 1706 2367 .
1726 2333 1778 2367 A·

184 2382 267 2435 pud
274 2383 426 2422 maiores
438 2383 603 2420 Potentes
615 2390 680 2420 aut
680 2379 753 2436 stab
765 2380 946 2421 montibus
955 2405 967 2425 ‚
977 2391 1044 2422 aut
1055 2384 1094 2422 in
1103 2383 1284 2423 montibus
1285 2384 1556 2438 fipeliebantur
1570 2398 1579 2424 z
1591 2383 1691 2423 vnde
1702 2394 1779 2423 tra—

185 2439 284 2480 &um
297 2438 351 2477 est
365 2445 432 2483 ,vt
440 2436 559 2490 supra
574 2437 752 2478 cadauera
767 2447 835 2477 aut
844 2438 1051 2492 Pyramides
1051 2438 1192 2494 fierent
1201 2463 1212 2484 ,
1222 2451 1290 2480 aut
1304 2444 1461 2493 ingentes
1471 2442 1653 2483 Columnae
1678 2442 1782 2481 collo-

185 2503 354 2535 carentur
366 2496 387 2547 ζ.
419 2495 675 2535 lit-*Lucienus
692 2494 862 2549 Dialogo
874 2497 938 2535 cui
951 2495 1084 2536 titulus
1095 2498 1419 2551 Contemplantes
1438 2497 1611 2538 adfinem
1636 2500 1781 2552 inquit.

187 2551 356 2604 Sepulcra
371 2550 594 2595 conditoria,
609 2552 656 2593 ὅ)
670 2561 902 2591 monumenta
917 2552 992 2593 haec
999 2562 1161 2593 vocant:
1177 2558 1353 2595 Caeterum
1365 2554 1610 2608 tumulosrillos
1620 2564 1705 2594 ante
1719 2555 1782 2596 Vr-

190 2609 247 2648 bes
260 2608 364 2648 vides
373 2637 383 2652 ,
396 2617 472 2647 tum
485 2608 661 2648 columnas
677 2607 934 2659 &pyramides
959 2622 971 2647 :
990 2612 1111 2649 omnia
1139 2611 1202 2649 illa
1214 2619 1437 2650 mortuorum
1436 2609 1529 2665 fiint
1540 2612 1761 2663 receptacula
1772 2641 1783 2654 ‚

111 2639 165 2699 D
183 2665 471 2719 cadauerumque
482 2668 658 2705 tentoria.
690 2663 973 2719 Columnasque
988 2676 1076 2705 ante
1092 2667 1220 2707 Vrbes
1236 2665 1353 2711 fuisse,
1370 2671 1458 2722 quia
1472 2669 1646 2708 nimirum
1663 2667 1779 2724 prisci

182 2725 251 2765 aeui
262 2736 343 2762 mos
356 2721 446 2774 fuit}
460 2734 572 2763 extra
585 2722 734 2765 Vrbem
749 2734 922 2762 mortuos
933 2718 1073 2762 efferre
1084 2720 1326 2774 sepeliendos
1348 2754 1359 2769 ‚
1388 2736 1429 2765 vt
1440 2734 1573 2766 notum
1588 2725 1641 2766 est
1662 2758 1670 2767 .
1693 2727 1777 2767 Co-

182 2783 315 2822 ronan·
329 2778 534 2833 aliquando
547 2780 782 2820 iubebantur
792 2779 852 2820 hae
868 2777 1098 2834 sepulcrales
1111 2780 1318 2822 Columnae
1331 2774 1345 2822 J
1363 2782 1549 2823 Lucianus
1561 2783 1611 2823 de
1627 2782 1773 2823 morbis

179 2835 509 2889 Philosophorum
526 2841 577 2878 ait
590 2868 598 2876 .
610 2837 808 2876 stultitiam
808 2836 916 2889 fiiam
931 2846 1054 2888 aperte
1066 2841 1175 2878 etiam
1176 2837 1316 2893 fi'ripto
1325 2837 1454 2880 testari
1480 2861 1491 2883 ›
1511 2841 1596 2880 dum
1606 2841 1687 2894 alys
1711 2852 1778 2879 ve-

178 2894 266 2936 fies,
281 2894 411 2948 quibus
422 2896 461 2932 in
471 2897 555 2934 vita
563 2892 836 2946 pretiofioribus
849 2890 997 2951 vfifimt
1011 2894 1215 2935 comburere
1223 2895 1342 2936 eodem
1354 2909 1437 2949 rogo
1438 2897 1560 2952 secum
1574 2897 1772 2937 mandant:

178 2952 247 3007 alij
259 2960 379 2990 nutem
394 2948 564 3003 &seruos
574 2960 685 2990 certos
700 2949 923 3004 adftpulcra
937 2950 1107 2992 adflare:
1124 2951 1259 3008 Rursus
1268 2953 1338 3006 alij
1348 2954 1557 3007 Cipposslue
1586 2953 1777 2997 Columnas

178 3021 322 3064 quoque
330 3010 496 3047 coronari
505 3006 615 3059 sertis
626 3010 843 3060 pracipiunt
856 3036 865 3050 ‚
866 3005 997 3058 stolidi
1005 3007 1176 3049 videlicet
1187 3013 1297 3050 etiam
1311 3014 1350 3051 in
1362 3010 1438 3066 ipsc}
1452 3020 1565 3051 morte
1573 3019 1775 3053 manentes.

238 3064 303 3107 Ad
317 3066 489 3105 Deorum
500 3062 704 3119 sepulchra
718 3063 929 3105 Columnas
946 3064 1089 3119 positas
1105 3066 1254 3108 indicat
1266 3067 1365 3108 idem
1384 3069 1625 3108 Lucianusin
1643 3067 1785 3108 Dialo-.
1822 3070 1955 3103 columna
1969 3074 2029 3115 qus·-

179 3115 309 3176 g0,'cui
321 3123 452 3162 titulus
469 3123 618 3176 Iupiter
633 3122 856 3175 Tragoedus
866 3121 925 3162 his
936 3121 1062 3163 verbis
1073 3120 1342 3180 ,aninquam
1353 3125 1426 3167 illi,
1437 3127 1502 3177 qui
1523 3123 1654 3164 hucex
1668 3128 1778 3166 Creta
1799 3113 1955 3143 ‘'m‘'ff‘?

165 3176 386 3235 frequenter
398 3188 597 3221 commeant
608 3202 620 3224 2
638 3179 737 3232 longe
745 3178 821 3220 alia
835 3179 939 3220 nobis
951 3202 964 3224 2
974 3189 1088 3237 atque
1096 3191 1137 3222 tu
1147 3193 1420 3223 commemorare
1420 3180 1540 3235 fhlent
1553 3179 1776 3235 ‚fipulcrum

778 3238 782 3239 ⁷
1641 3238 1744 3293 quod
