2206 3480
425 96 528 153 DE
604 93 979 151 THERMIS
1029 92 1176 152 SEV
1225 92 1597 168 BJALNEIS.
1723 120 1821 162 319

1507 464 1568 498 μ’μ’

285 879 515 923 Vrebantur
527 879 643 920 etiam
656 879 694 919 in
713 877 868 920 Balneis
882 888 963 920 tum
977 879 1027 921 ad
1050 878 1267 923 fricandam
1284 892 1429 934 corpus
1444 908 1454 924 ,
1480 877 1739 928 sudoremque
1760 871 1824 911 eli·
1846 887 2014 924 nestregus.

229 936 410 979 ciendum
421 966 432 981 ,
450 948 528 978 tum
541 935 590 976 ad
606 932 878 991 abstergendas
892 934 1025 978 sordes
1035 952 1139 980 :enea
1152 937 1301 994 strigili,
1323 936 1540 978 cuiusmodi
1563 933 1690 976 multae
1706 943 1822 984 repe-

228 995 380 1035 riuntur
392 996 429 1033 in
443 995 610 1048 antiquis
621 991 824 1034 ruderibus
837 993 1117 1038 Thermarum,
1139 999 1247 1036 cuius
1269 996 1429 1036 leonem
1448 994 1514 1035 hic
1531 988 1826 1034 delineandam..

159 1031 200 1084 Β
229 1051 470 1096 curauimus,
492 1050 604 1093 ficuti
617 1053 735 1104 etiam
748 1050 861 1106 supra
876 1056 1124 1107 apposuimus
1135 1053 1245 1095 aliam
1262 1051 1422 1108 figuram
1436 1053 1553 1094 Pueri
1567 1063 1654 1093 cum
1666 1044 1800 1100 strigili
1813 1074 1827 1091 ‚

226 1107 272 1149 &
289 1108 423 1148 Gutto
443 1122 525 1163 prae
537 1106 709 1149 manibus
724 1136 734 1151 ‚
760 1109 863 1149 vnde
875 1108 1018 1150 Persius
1028 1108 1135 1163 satyr.
1149 1125 1184 1151 1.

449 1167 470 1205 I
492 1168 585 1206 Puer
596 1187 608 1209 2
628 1164 836 1219 &strigiles
846 1168 1008 1222 Crispini
1015 1166 1068 1208 ad
1074 1168 1208 1208 Balnea
1218 1167 1262 1208 de
1280 1181 1319 1209 er
1328 1194 1338 1205 .

224 1223 276 1276 Et
287 1220 476 1263 quenalis
484 1221 591 1277 satyr.
597 1236 633 1275 3.
1094 1235 1097 1240 ’

456 1281 504 1319 Et
514 1280 630 1334 fimat
639 1278 764 1319 valiis
775 1276 978 1332 strigilibus
989 1310 998 1319 .

220 1336 324 1380 Nam
337 1336 441 1385 vnc‘ii
453 1335 543 1376 oleo
554 1335 759 1391 strigilibus
773 1336 1011 1379 radebantur
1032 1337 1234 1386 sudantes;
1252 1339 1396 1383 deinde
1406 1337 1531 1380 linteis
1545 1337 1594 1380 ad
1609 1337 1650 1378 id
1664 1337 1813 1392 paratis

217 1393 492 1450 tergebantur.
512 1392 650 1434 Plinius
665 1394 801 1435 lib.28.
817 1407 948 1449 cap.4.
961 1394 1080 1437 solum
1092 1411 1253 1452 quoque
1265 1398 1527 1440 remediorum
1548 1396 1750 1437 maximum
1770 1392 1821 1432 ab

215 1449 306 1551 ipbso
318 1450 387 1493 fibi
398 1448 568 1505 praestari
578 1451 727 1506 potest,
740 1451 1049 1495 ficutlinteorum
1062 1483 1072 1500 ,
1085 1454 1345 1513 strigilumque
1355 1453 1610 1498 vehementia.
1627 1449 1822 1496 Martialis

238 1523 249 1550 1
282 1540 291 1551 .
307 1521 369 1557 14.
393 1518 454 1558 51.

393 1567 586 1618 Pergamus
595 1593 606 1609 ,
624 1564 693 1606 has
704 1565 797 1620 misit
811 1579 920 1607 curuo
935 1566 1152 1621 distringere
1149 1567 1262 1622 ferro
1276 1599 1288 1616 ‚

456 1625 547 1662 Non
557 1632 633 1663 tam
642 1621 740 1677 slepe
751 1632 842 1663 teret
853 1624 966 1665 lintea
972 1623 1077 1677 fidlo
1090 1626 1161 1667 tibi
1176 1660 1186 1669 .

225 1679 475 1734 Distringere
488 1679 685 1735 eleganter
697 1678 751 1720 est
762 1677 938 1722 sudorem
950 1682 1156 1737 strigilibus
1168 1685 1311 1726 ficcare
1326 1684 1367 1724 δε
1378 1684 1581 1740 detergere
1595 1681 1700 1737 apud
1712 1682 1832 1722 Sene-

225 1752 314 1780 cam
328 1737 436 1790 epist.
454 1751 545 1792 123.
559 1739 602 1776 Vt
619 1736 816 1791 sudorem,
837 1752 942 1793 quem
961 1751 1153 1781 mouerunt
1171 1741 1383 1795 potionibus
1404 1741 1559 1785 crebris,
1583 1739 1629 1784 (9-
1643 1735 1831 1791 feruenti-

217 1795 288 1838 bus
298 1818 309 1839 ,
318 1793 477 1849 fiabinde
492 1792 691 1846 diflringat
703 1823 712 1833 .

279 1850 599 1893 offendebantur
613 1851 824 1906 aliquando
836 1866 1011 1910 corpora
1034 1856 1154 1897 nimio
1168 1856 1327 1912 Strigilis
1340 1855 1401 1898 vsu
1415 1886 1425 1901 ‚
1448 1867 1489 1898 vt
1518 1853 1655 1896 scribit
1667 1856 1829 1894 Sueten.

145 1938 149 1939 ν
223 1911 265 1953 ὶη
280 1908 456 1965 Augusto
470 1913 579 1949 c.80.
590 1911 682 1967 Cum
697 1912 810 1950 nimio
827 1910 977 1964 flrigilis
989 1912 1059 1967 ‘vfia
1072 1923 1186 1955 cutem
1199 1911 1327 1970 laefiffe.
1345 1914 1613 1955 Delicatiores
1627 1912 1804 1950 homines
1818 1940 1830 1955 ‚

219 1969 267 2009 δε
279 1980 347 2008 eos
361 1966 564 2022 praecipue
577 1988 589 2010 2
615 1969 681 2022 qui
695 1967 791 2008 mala
815 1979 925 2009 erant
948 1969 1192 2016 valetudine;
1214 1971 1384 2026 spongiis
1400 2001 1409 2016 ,
1434 1971 1476 2009 ὃ(
1490 1970 1620 2009 linteis
1633 1968 1829 2008 interdum

218 2029 276 2067 vti
285 2023 417 2065 solitos
429 2022 535 2065 fuisse
548 2052 559 2069 ‚
584 2025 706 2065 tradit
718 2024 861 2065 Plinius
879 2025 946 2065 lib.
951 2040 974 2079 3
986 2040 1000 2066 1
1009 2057 1018 2067 .
1035 2039 1125 2081 cap.
1136 2027 1202 2069 vlt.
1212 2027 1289 2069 ibi:
1319 2026 1500 2071 Praeflant
1518 2025 1565 2070 ὡ
1577 2023 1756 2076 flrigilum
1767 2027 1832 2064 vi-

216 2096 292 2125 cem
301 2111 311 2128 ,
324 2082 590 2136 linteorumque
600 2079 740 2139 affil'lis
749 2082 958 2132 corporibus
966 2113 976 2123 .

277 2140 377 2179 Non
388 2141 682 2193 praetermittam
708 2136 777 2177 hic
796 2137 997 2179 recensere
1019 2138 1181 2182 formam
1204 2141 1370 2198 strigilis,
1399 2155 1445 2183 ac
1465 2142 1579 2183 etiam
1605 2139 1737 2182 Gaui,
1767 2137 1830 2179 seu

219 2195 396 2251 ampuliae
414 2195 461 2235 ad
476 2194 758 2236 effundendum
770 2194 947 2236 oleumin
963 2197 1140 2239 Balneis:
1165 2200 1250 2241 haec
1270 2198 1459 2255 graphice
1486 2197 1677 2239 delineata
1705 2196 1754 2237 ab
1773 2196 1828 2236 A-

205 2251 469 2310 »puleioliba
482 2251 614 2295 florid.
629 2251 812 2293 dicente:
835 2256 984 2306 Magno
995 2257 1033 2294 in
1044 2265 1133 2295 coetu
1144 2258 1361 2310 praedicauit
1362 2255 1598 2308 fabricatam
1606 2253 1685 2307 fibi
1703 2252 1821 2306 fimet

213 2310 414 2362 ampullam
429 2323 573 2365 quoque
596 2309 769 2350 oleariam
781 2332 792 2353 ›
814 2324 925 2365 quam
948 2311 1119 2364 gestabat
1129 2313 1337 2356 lenticulari
1360 2312 1490 2366 forma
1501 2342 1510 2357 ‚
1531 2314 1638 2351 tereti
1660 2310 1802 2350 ambitu
1812 2340 1825 2356 ,

209 2364 364 2425 preffula
374 2367 604 2406 rotunditate
619 2389 632 2409 2
651 2369 836 2422 iuxtaque
845 2367 1034 2409 honestam
1044 2369 1299 2423 Brigileculam
1310 2369 1668 2422 refiafizfiigiatione
1681 2367 1823 2422 claufh.

215 2425 277 2468 la,
288 2423 397 2475 flexa
413 2423 638 2464 tubulatione
649 2424 780 2476 ligula.
803 2434 851 2465 vt
862 2424 906 2468 dm
928 2424 1006 2480 ipsa
1020 2429 1059 2467 in
1069 2440 1182 2469 manu
1196 2429 1323 2482 capulo
1332 2436 1539 2470 moraretur
1552 2455 1562 2471 ‚
1584 2422 1758 2475 &sudor
1773 2438 1826 2464 ex

214 2496 257 2522 ea
271 2481 392 2522 riuulo
407 2480 607 2521 laberetur.
628 2484 677 2523 Et
689 2482 739 2522 de
752 2496 878 2537 puero
893 2486 1123 2527 inleruiente
1135 2490 1174 2527 in
1195 2486 1349 2528 Balneis
1369 2486 1545 2527 Domino
1560 2495 1647 2523 cum
1659 2480 1791 2535 strigili
1802 2511 1815 2526 ‚

217 2540 262 2581 &
276 2541 402 2580 Gutto
415 2536 579 2593 apposui
596 2541 756 2580 leonem
770 2570 780 2580 .

275 2599 409 2638 Locus
423 2598 566 2636 veroin
587 2595 736 2637 Balneis
749 2600 788 2636 in
803 2610 885 2652 quo
898 2598 1135 2652 vngebatur,
1161 2601 1396 2642 VnCtorium
1413 2597 1633 2638 vocabatur
1649 2628 1657 2637 .
1680 2596 1829 2636 Plinius

219 2656 301 2697 Iun.
317 2654 426 2695 lib.2.
442 2651 550 2708 epist.
567 2651 614 2692 ad
628 2652 776 2694 Gallum
789 2658 864 2695 ait:
888 2655 1044 2696 Adiacet
1056 2658 1284 2698 VnHorium.
1311 2657 1373 2696 De
1387 2656 1502 2705 var-{js
1516 2664 1829 2707 vnguentorum..

138 2692 193 2747 D
219 2710 428 2767 generibus
441 2714 478 2750 in
497 2708 664 2753 Balneis,
681 2710 723 2751 ὃ(
735 2710 954 2752 huiusmodi
968 2717 1165 2754 materiam
1177 2714 1252 2754 late}
1267 2713 1420 2754 Fuluius
1438 2711 1594 2752 Vrsinus
1610 2715 1647 2751 in
1661 2713 1829 2765 Appen-

219 2771 311 2810 dice
327 2767 375 2807 ad
389 2770 651 2808 Ciacconium
676 2768 727 2808 de
744 2769 963 2815 Triclinio,
988 2783 1034 2811 ac
1057 2774 1172 2811 etiam
1196 2770 1424 2814 Guilleimus
1449 2769 1581 2811 Choul
1600 2773 1639 2809 in
1662 2770 1830 2810 trafiatu

218 2825 269 2867 de
288 2824 460 2865 Balneis.

273 2883 360 2934 Qi
371 2880 523 2922 Balneis
537 2893 731 2937 praeerant
742 2906 753 2927 ‚
774 2883 1028 2927 Balneatores
1044 2883 1282 2927 dicebantur
1295 2915 1304 2932 ,
1318 2897 1361 2927 vt
1376 2887 1412 2926 in
1431 2898 1622 2926 marmore
1637 2885 1825 2939 antiquo:

223 2948 380 2986 anteros
392 2938 609 2982 Balneum,
627 2940 876 2993 Capitolinus
894 2945 931 2982 in
944 2941 1113 2983 Claudio
1127 2943 1323 2986 secundo:
1347 2942 1606 2985 Balneatorum
1618 2955 1736 2981 vnum
1751 2964 1762 2984 2
1778 2940 1827 2984 ἀὲ

219 2996 274 3038 ad
285 2996 422 3038 Balnea
430 2995 535 3050 [ξπ.
550 2996 600 3036 Hi
618 2996 871 3052 quadrantem
884 3000 1094 3054 exigebant
1108 3001 1157 3042 ab
1170 3005 1218 3052 ijs
1231 3025 1243 3046 ,
1261 3005 1327 3058 qui
1341 3000 1592 3044 lauabantur.
1607 2999 1799 3041 quenalis
1815 3027 1826 3043 ‚

222 3055 290 3095 Sat
318 3070 347 3096 r.
362 3066 399 3095 2·

291 3068 328 3144 y.
452 3113 537 3151 Nec
550 3112 661 3163 pueri
671 3111 822 3152 credunt
834 3112 906 3166 nisi
911 3115 977 3168 qui
997 3114 1158 3156 nondum
1171 3130 1239 3158 aere
1251 3117 1446 3158 lauantur.

226 3160 286 3211 Et'
297 3167 489 3211 Horatius
500 3168 571 3209 lib.
580 3182 611 3209 1.
621 3166 725 3208 serm.
740 3171 860 3224 Satyr.
869 3184 906 3224 3.

451 3228 550 3269 Dum
561 3235 597 3268 te
612 3224 842 3283 Qadrante
855 3228 1018 3271 lauatum
1028 3229 1115 3271 Rex
1129 3230 1199 3273 ibis
1212 3264 1221 3275 .

1283 3289 1321 3329 R
1338 3304 1359 3331 r
1417 3302 1444 3332 2
1678 3286 1767 3327 Bal·
