2206 3480
244 113 346 168 DE
385 111 947 172 VESTIMENTIS
988 112 1572 170 ROMANORVM.
1657 137 1751 182 255

75 218 119 269 A
147 223 226 252 non
240 209 490 265 paucioribus
513 209 612 250 votis
627 232 639 252 ‚
661 220 775 263 quam
799 207 1000 248 coloribus
1024 207 1141 250 vestes
1167 211 1375 264 variegatas
1397 209 1581 253 seruare„

203 266 280 308 Sed
298 278 340 307 vt
352 267 398 307 ad
413 266 581 306 nostrum
595 268 723 306 thema
735 293 746 309 ,
762 266 873 327 aquo
889 263 1128 310 decemimus,
1145 278 1392 309 reuertamur.
1411 267 1522 311 Plura
1535 269 1584 311 de
1601 271 1752 326 prisco-
1777 276 1817 306 ἕλ’
1826 284 1883 311 105«
1897 297 1904 307 .

141 338 226 365 rum
243 328 509 367 Romanorum
521 322 750 363 vestimentis
763 335 799 360 ιη
811 335 952 375 genere
966 322 1254 376 perstrinximus
1269 324 1406 379 supra5
1436 327 1556 367 modo
1569 334 1742 383 particu-

142 382 249 423 latim
262 381 311 421 de
322 380 452 431 ijsdem
467 379 594 433 aliqua
603 377 904 434 prosequamur:
929 391 974 418 ac
1002 379 1051 417 de
1070 381 1184 434 Toga
1199 383 1241 421 ὃ(
1254 383 1304 422 de
1317 386 1394 422 eius
1414 384 1617 440 multiplici
1634 386 1748 427 diffe-

142 440 265 479 rentia
281 437 345 477 hic
364 449 623 490 exponemuS.
653 437 768 488 Toga
789 437 906 488 igitur
928 436 948 474 a
970 434 1142 488 tegendo
1164 450 1337 492 corpore
1359 445 1525 495 propria
1548 445 1745 485 Romano-

141 509 225 540 rum
244 495 351 535 vestis
361 506 538 547 tempore
549 494 655 546 pacis
671 491 710 530 Sc
725 491 882 532 amistus
893 492 1147 532 exteriorfuit
1158 521 1168 536 ‚
1183 504 1222 533 vt
1236 496 1357 535 docet
1373 501 1522 539 Varro:
1537 498 1645 540 ficuti
1661 515 1746 542 oni·

141 556 243 592 nium
259 550 436 592 ordinum
449 578 459 593 ‚
484 552 607 590 omnis
625 547 752 592 sexus,
772 546 968 601 aetatisque
979 546 1182 602 gestamen,
1197 563 1245 590 ex
1262 553 1503 594 Varronelib
1523 570 1552 596 1.
1565 556 1613 597 de
1626 561 1742 601 Vita..

137 608 286 662 Populi
299 605 756 648 Romani-Materiaillius
770 605 878 645 lanea
887 603 971 646 fuit,
983 617 1032 644 ex
1043 604 1225 650 Martiali,
1238 607 1279 647 &
1297 611 1487 654 Varrone,
1499 612 1587 652 dum
1600 618 1746 670 inquit:

138 667 240 717 Toga
251 665 360 707 laena,
378 663 488 719 quod
503 665 552 703 de
568 666 653 704 lana
668 662 802 703 multa.
823 662 962 702 Forma
973 659 1259 704 semicircularis
1278 668 1442 718 primum
1459 666 1545 711 fuit,
1562 674 1739 726 vtinquit

137 721 348 776 Dionysius
364 721 558 761 Halicarn.
574 719 623 760 de
636 721 857 772 Tarquinio
874 715 1016 763 Prisco,
1031 718 1085 759 ibi
1098 733 1111 759 .·
1124 721 1309 761 amilium
1322 721 1536 774 ipsiussusse
1547 735 1665 777 togam
1676 733 1736 780 Pi.

135 779 234 818 flam
241 789 464 831 purpuream
476 800 485 821 ‚
499 777 624 831 qualia
625 773 776 824 fiderint
790 774 965 827 Lydorum
981 785 1093 830 atque
1101 777 1290 833 Persbrum
1302 779 1436 832 Regum
1446 778 1639 833 gestamina
1650 813 1658 827 ‚
1671 786 1743 837 '²'st

137 836 317 888 quodnon
333 835 517 888 quadrata
528 842 574 872 vt
594 833 656 872 illa
669 832 755 887 ,fid
773 831 898 885 figura
915 830 1152 886 fimicirculi.
1190 836 1355 876 Tunicae
1375 850 1499 892 porro
1522 836 1736 893 superinie-

138 893 238 933 stam
254 903 381 945 togam
396 902 434 931 vt
447 901 591 945 praeter
605 889 699 930 alios
713 889 833 930 refert
847 889 1045 930 Plutarch.
1061 891 1263 932 Tiberium
1280 893 1510 934 Gracchum
1527 893 1734 950 fugientem

134 960 262 1003 togam
276 945 458 990 demisisse
470 977 479 992 ,
496 958 615 1002 atque
626 949 664 987 in
681 950 810 987 tunica
823 945 1005 987 cecidisse
1020 978 1029 988 .
1044 947 1168 988 Aldus
1181 949 1382 990 Manutius
1398 951 1518 991 voluit
1531 966 1607 993 non
1627 969 1737 1008 aper-

135 1016 211 1046 ττι]
226 1017 352 1060 togam
364 1034 374 1049 ‚
387 1003 448 1045 sed
461 1006 478 1045 a
492 1002 632 1045 summo
644 1004 689 1045 ad
702 1008 816 1044 imum
831 1005 1019 1058 integram
1030 1034 1040 1049 ,
1052 1004 1153 1046 nulla
1164 1003 1316 1047 scissura
1328 1031 1339 1050 2
1352 1007 1466 1048 nullis
1479 1013 1633 1050 manicis
1650 1007 1736 1052 fuis.

76 1047 115 1097 Β
134 1060 187 1106 se;
208 1064 248 1104 ὃ(
263 1062 422 1103 brachia
435 1061 458 1101 fi
470 1061 680 1102 emittenda
693 1059 833 1103 forent,
851 1062 992 1102 reiesta
1006 1064 1043 1102 in
1060 1066 1292 1117 tergumima
1305 1075 1398 1119 toga
1413 1067 1598 1118 expedita
1615 1067 1734 1110 fuiffe.

64 1883 110 1934 C

130 1121 204 1161 Pei·
220 1133 357 1161 annum
374 1130 497 1160 tamen
513 1117 659 1173 sumpta
676 1118 772 1158 virili
788 1129 875 1172 toga
886 1141 897 1162 ‚
911 1117 1223 1161 modestiaecausa
1237 1130 1365 1175 togam
1381 1126 1417 1161 in
1431 1121 1628 1164 humerum
1645 1128 1735 1176 reij-

133 1179 264 1217 cinon
282 1174 529 1219 consueuiffiu
547 1189 596 1216 ex
608 1177 804 1216 Cicerone
816 1178 853 1215 in
870 1176 987 1216 Orat.
1005 1189 1082 1229 pro
1096 1177 1231 1218 Coelio
1244 1200 1254 1220 ‚
1265 1179 1322 1218 ibi
1339 1193 1351 1217 :
1363 1177 1486 1219 Nobis
1496 1180 1640 1234 quidem
1653 1184 1737 1224 olim

133 1246 253 1274 annus
265 1242 346 1274 erat
355 1246 452 1273 vnus
465 1232 518 1272 ad
525 1230 762 1272 cohibendum
776 1230 970 1272 brachium
980 1241 1061 1282 toga
1079 1233 1296 1274 constitutus
1307 1263 1317 1273 .

195 1291 419 1331 cincturam
431 1287 547 1344 ipfius
557 1299 657 1344 togae
667 1288 858 1343 triplicem
872 1285 980 1329 fuisse
991 1288 1177 1331 affeuerat
1189 1293 1521 1349 Sigoniusmempe
1536 1294 1735 1342 laxiorem,

133 1344 388 1389 astristiorem
401 1375 413 1392 ,
429 1347 473 1387 &
485 1347 654 1387 cindtum
665 1346 859 1387 Gabinum
871 1376 881 1386 .
899 1347 958 1387 De
972 1359 1053 1401 quo
1065 1347 1273 1402 posteriori
1287 1351 1417 1391 cinstu
1432 1352 1587 1392 Seruius
1597 1355 1634 1394 in
1649 1367 1734 1394 ver-

132 1402 211 1445 sum
226 1404 385 1460 Virgilii
407 1436 417 1446 .

359 1461 439 1515 Ipse
452 1460 651 1516 Qirinali
667 1459 794 1500 trabea
805 1489 815 1505 ‚
829 1460 1020 1516 cinHuque
1029 1460 1173 1502 Gabino
1187 1494 1196 1504 .

131 1517 265 1573 Inquit
276 1519 439 1560 Cinctus
450 1518 625 1559 Gabinus
637 1518 841 1572 esttogain
856 1528 1003 1572 tergum
1031 1516 1082 1558 fic
1100 1521 1262 1566 meaa,
1293 1531 1335 1563 vt
1358 1537 1430 1564 vna
1450 1525 1533 1564 eius
1553 1525 1693 1566 lacinia
1714 1526 1735 1568 a

130 1587 245 1629 tergo
256 1585 442 1617 reuocata
455 1575 650 1615 hominem
663 1574 808 1629 cingat:
822 1573 901 1615 hoc
914 1574 1128 1617 vestimenti
1141 1591 1284 1631 genere
1296 1579 1477 1622 vtebatur
1489 1580 1635 1623 Consul
1648 1582 1733 1623 bel-

128 1632 166 1674 la
181 1630 396 1675 indisturus
409 1657 420 1678 ‚
436 1630 553 1674 refert
570 1631 737 1672 Rufinus
751 1634 947 1687 Antiquit.
964 1635 1130 1678 Roman.
1143 1635 1412 1691 lib.5.cap.32.

183 1690 327 1731 Eadem
339 1701 429 1746 toga
442 1691 550 1732 Pacis
563 1687 806 1742 fuitinfigne‚
838 1699 877 1729 vt
889 1692 1025 1743 Sagum
1040 1690 1155 1732 belli:
1174 1696 1318 1734 etenim
1336 1699 1373 1735 in
1408 1695 1570 1736 tumultu
1593 1698 1738 1751 priuati

129 1754 260 1802 togas,
275 1747 521 1802 Magistratus
534 1756 746 1802 praetextas
754 1745 964 1801 ponebant
972 1773 984 1793 ‚
1014 1747 1057 1788 &
1078 1751 1175 1804 Saga
1195 1749 1371 1793 militaria
1382 1749 1601 1798 sumebant,
1629 1766 1669 1795 vt
1687 1768 1737 1795 ex

130 1802 245 1845 Liuio
259 1805 301 1845 &
315 1804 529 1846 Plutarcho
554 1836 563 1845 .

184 1860 274 1902 Post
290 1861 501 1917 Augustum
513 1872 554 1902 vt
564 1859 741 1905 libertas,
771 1859 825 1902 fic
838 1871 929 1917 toga
946 1864 1061 1917 magis
1072 1864 1267 1907 exoleuit:
1285 1867 1447 1908 Adriani
1465 1882 1558 1910 vero
1576 1880 1731 1923 tempo-

127 1917 233 1959 ribus
247 1919 310 1960 vix
326 1920 363 1960 in
376 1919 628 1961 Senatoribus
645 1918 902 1974 &Equitibus
915 1922 971 1958 ius
987 1917 1088 1962 suum
1102 1924 1227 1962 tenuit
1243 1951 1253 1965 ,
1283 1934 1324 1962 vt
1338 1923 1456 1964 refert
1470 1926 1640 1980 Appian.
1658 1928 1730 1966 in.‚

127 1973 215 2015 solis
226 1976 514 2031 propemodum
527 1976 780 2018 Senatoribus
798 1974 988 2031 reliquum
1003 1987 1108 2033 togae
1121 1976 1222 2019 vsum
1239 1977 1362 2024 fuiffe,
1391 1991 1431 2020 vt
1454 1995 1501 2022 ex
1519 1981 1655 2036 Lipfio
1669 1981 1731 2023 l.1.

132 2032 301 2074 Elector.
315 2047 475 2089 cap.13.

187 2091 504 2145 Togapraetexta
518 2090 664 2134 dicitur
683 2089 703 2129 a
720 2087 1000 2143 praetexendo,
1035 2092 1122 2145 quia
1146 2093 1180 2132 ei
1194 2106 1366 2147 purpura
1383 2095 1420 2135 in
1433 2107 1502 2134 ora
1514 2103 1727 2149 praetexta„

130 2156 234 2190 erat,
247 2155 287 2186 vt
302 2145 425 2187 voluit
442 2146 624 2188 Macrob.
641 2145 729 2186 Hac
741 2148 852 2200 pueri
868 2145 1074 2187 vtebantur
1088 2148 1136 2188 ad
1150 2162 1288 2189 annum
1302 2149 1495 2191 decimum
1511 2150 1720 2206 septimum,

131 2207 198 2258 qui
209 2215 327 2244 annus
338 2204 521 2259 tyrocinij
536 2201 744 2243 dicebatur
754 2231 764 2247 ,
781 2216 894 2258 quam
912 2204 1162 2258 Tarquinius,
1176 2218 1262 2247 cum
1274 2206 1322 2246 de
1335 2208 1484 2249 Sabinis
1498 2209 1727 2263 triumphas-

129 2260 185 2300 set
197 2257 344 2300 Priscus
356 2258 454 2300 filius
464 2289 475 2304 ,
489 2274 562 2300 vna
574 2272 660 2300 cum
672 2273 784 2300 aurea
806 2258 911 2301 bulla
925 2258 1047 2301 eidem
1061 2261 1222 2303 tradidit
1236 2278 1247 2309 ;
1280 2264 1322 2304 &
1337 2264 1428 2306 inde
1449 2268 1485 2306 in
1499 2263 1597 2306 vsum
1615 2266 1729 2307 nobi-

131 2316 222 2360 lium
237 2330 447 2372 puerorum
463 2316 918 2372 dedustamquamquam
929 2317 1188 2360 diuerfimoda
1203 2322 1240 2360 in
1260 2319 1339 2363 hoc
1354 2323 1572 2364 adducatur
1585 2323 1634 2363 ab
1649 2324 1730 2375 alijs

145 2388 204 2414 ori
234 2388 259 2414 o
271 2406 280 2416 .

188 2389 304 2485 'Igoga
321 2429 510 2485 pura,seu
524 2430 639 2472 virilis
649 2429 948 2473 fuitcommunis
960 2429 1156 2475 hominum
1174 2436 1439 2490 priuatorum3
1470 2438 1512 2478 δε
1535 2437 1620 2477 haec
1646 2437 1723 2478 albi

129 2498 214 2528 erat
228 2487 394 2532 coloris,
413 2487 515 2530 nulla
527 2487 682 2529 admista
705 2502 878 2543 purpura
892 2518 900 2527 .
933 2489 1194 2532 APlutarcho
1210 2497 1247 2533 in
1266 2494 1388 2534 Bruto
1411 2494 1560 2535 dicitur
1572 2495 1700 2535 Virilis
1712 2517 1724 2537 2

132 2548 221 2600 quia
236 2547 362 2599 pueris
376 2543 519 2585 virilem
531 2555 682 2585 aetatem
695 2545 1009 2599 ingredientibus
1025 2548 1195 2589 dabatur
1210 2581 1218 2590 .

189 2602 303 2656 Toga
315 2601 421 2656 pulla
431 2605 504 2643 atri
519 2600 663 2643 coloris
675 2625 686 2644 ‚
700 2615 813 2656 quam
826 2603 1040 2643 induebant
1051 2604 1175 2645 Iustus
1186 2604 1294 2646 causa
1308 2621 1319 2651 ς
1335 2609 1378 2647 &
1390 2607 1439 2648 ab
1452 2606 1522 2648 illo
1535 2607 1642 2649 vestis
1655 2621 1726 2649 co-

132 2657 217 2698 lore
231 2659 360 2699 Atrati
374 2658 611 2700 dicebantur
627 2672 635 2698 :
653 2657 745 2698 hinc
759 2661 905 2699 Cicero
917 2662 954 2699 in
967 2662 1185 2702 Vatinium.
1205 2663 1307 2719 Qis
1323 2666 1364 2703 in
1376 2663 1518 2712 fimere
1531 2662 1723 2715 fizmiliari

61 2713 110 2767 D
134 2715 288 2756 caenauit
295 2724 458 2760 atratus,
472 2729 550 2756 cum
562 2715 670 2767 Epuli
681 2717 856 2755 Dominus
870 2713 1070 2772 oQArrius
1085 2717 1227 2758 albatus
1240 2719 1317 2772 esset
1328 2749 1339 2765 ,
1361 2720 1437 2763 (φτ.
1455 2720 1534 2761 Sub
1556 2725 1727 2776 Impera-

133 2769 286 2812 toribus
296 2768 438 2812 sublata
454 2771 674 2825 Republica
689 2801 699 2817 ‚
713 2771 894 2823 Qexoleuit
907 2775 1018 2813 etiam
1035 2772 1110 2814 <rsus
1126 2786 1224 2830 togae
1236 2805 1246 2820 ,
1267 2789 1313 2817 ac
1335 2779 1449 2818 etiam
1475 2776 1553 2819 vsus
1579 2779 1723 2820 coloris

136 2826 231 2871 albi,
254 2826 299 2867 &
321 2837 416 2868 tunc
432 2828 546 2883 pullae
564 2828 863 2870 fueruntomnes
877 2828 1040 2884 plebeiae
1053 2831 1196 2877 vestes;
1226 2833 1318 2874 hinc
1342 2835 1447 2890 pulla
1472 2847 1682 2891 paupertas
1702 2838 1724 2877 a

134 2882 380 2939 Calphurnio
395 2885 498 2926 dieta
513 2916 523 2927 .

365 2944 395 2980 Ο
408 2944 555 2981 vtinam
568 2943 668 2983 nobis
679 2955 751 2983 non
763 2940 890 2993 rastica
902 2941 1006 2992 vistis
1018 2942 1156 3001 infft.

358 2999 533 3053 Pullzque
541 3009 742 3051 paupertas
756 3029 765 3044 ‚
781 3000 827 3043 ἐφ
838 3001 978 3040 adunco
977 3000 1101 3055 fibula
1117 3003 1236 3058 morfia
1250 3036 1259 3045 .

128 3052 239 3096 Hinc
251 3054 442 3111 Augustus
455 3058 492 3096 in
512 3058 666 3097 Sueton.
680 3069 837 3112 cap-44·
848 3055 988 3101 sanxit,
1019 3072 1067 3098 ne
1087 3063 1170 3113 quis
1183 3061 1418 3103 Pullatorum
1433 3063 1559 3104 media
1580 3075 1726 3105 cauea..

126 3108 299 3166 sederet:
315 3113 416 3154 vnde
430 3112 630 3154 discrimen
643 3141 652 3156 ,
676 3123 718 3152 vt
743 3113 805 3164 alij
833 3113 1044 3156 Candidati
1060 3115 1306 3163 dicerentur,
1331 3133 1469 3173 nempe
1494 3118 1725 3160 honestioris

129 3166 279 3208 ordinis
292 3172 429 3211 Ciues:
449 3170 510 3221 alij
528 3171 685 3214 paliati,
698 3167 846 3212 scilicet
857 3169 987 3225 vulgus
1003 3172 1188 3217 &infima
1200 3174 1313 3231 plebs
1331 3189 1343 3220 ;
1363 3177 1384 3216 a
1403 3175 1540 3218 colore
1552 3176 1724 3223 vestium,

131 3223 272 3278 quibus
283 3228 437 3283 vtrique
452 3227 660 3269 vtebantur
675 3260 684 3271 .

1196 3289 1240 3327 Ji
1298 3301 1323 3330 2
1553 3292 1668 3346 Toga
