2206 3480
182 59 285 112 DE
326 47 752 112 PONTIB'VS
793 54 1062 109 SVPRA
1102 52 1519 109 FLVMINA.
1641 65 1701 107 61

26 163 72 214 A
94 156 192 197 tione
205 178 217 199 ,
231 156 409 197 Dominus
419 153 542 197 voluit
552 152 715 208 quodibi
726 153 901 204 inciperet
913 163 1059 204 regnum
1071 148 1203 192 Dauid
1219 164 1228 193 :
1251 147 1384 205 ficque
1412 153 1552 205 regiam
1567 151 1687 196 statim

97 224 268 254 mentem
285 212 334 254 ab
348 211 430 254 illic
441 210 592 266 sepultis
604 211 797 251 ebiberet.
816 206 1080 250 obseruatum
1093 206 1147 247 est
1159 211 1272 252 etiam
1288 210 1441 250 Petrum
1454 208 1542 262 post
1552 212 1689 250 trinam

100 273 345 326 negationem
362 282 422 311 ter
433 269 483 310 ad
499 268 642 310 Christi
658 265 871 320 sepulcrum
891 263 927 306 se
960 263 1160 307 contuliffe
1180 295 1188 305 .
1220 264 1442 321 Euthymius
1456 269 1492 309 in
1512 279 1600 320 cap.
1624 280 1689 316 24.

101 327 232 373 Lucae‚
245 328 299 368 ibi
315 341 325 368 .·
341 329 463 367 Trina
471 337 552 377 ergo
565 327 646 364 vice
653 324 705 364 ad
710 322 917 378 sepulcrum
927 323 1092 362 accedens
1113 346 1125 368 ‚
1143 324 1279 363 trinam
1289 325 1433 362 curauit
1444 326 1668 376 negationem
1682 356 1691 365 .

102 386 290 440 Denique
301 380 702 438 exemplumdAbrahae
713 384 883 420 intueor.
904 381 1001 419 Gen.
1012 393 1079 433 23.
1100 379 1155 419 ibi
1169 393 1179 418 .-
1192 384 1357 435 Cumque
1355 378 1571 436 fitrrexsset
1579 380 1627 420 ab
1640 381 1692 431 os·

91 441 342 500 ficiofimeris
358 455 370 480 .·
398 442 455 484 V=t
468 452 536 478 nos
551 435 779 479 disceremus
801 465 812 481 ,
828 450 962 475 eorum
974 434 1048 475 effe
1062 439 1151 490 ‚qui
1173 434 1540 488 spestaruntfunera
1563 437 1607 478 δε
1637 437 1687 478 se-

103 500 260 557 pulcra,
277 499 326 538 ad
337 496 474 538 altiora
486 492 753 538 conscendere
769 522 778 537 ,
795 493 843 533 ad
855 490 1074 534 sublimiora
1091 493 1167 535 ire,
1181 496 1233 533 ita
1250 494 1506 537 Caietanusin
1519 493 1622 538 illum
1635 495 1695 537 10-

105 571 190 600 cum
206 552 527 597 :HincAbraham
541 546 912 606 dstanereffirrexiffi·
928 575 939 595 ‚
960 562 1031 588 non
1050 546 1211 603 reccffisse
1237 548 1409 599 ssdiei'us
1427 574 1438 594 ‚
1472 554 1560 605 quia
1589 552 1687 592 illius

99 615 155 655 en
170 635 181 656 2
201 615 267 669 qui
279 611 459 653 cadauera
469 610 606 664 §Pecqat
633 639 644 657 ‚
679 609 731 649 ad
747 608 890 663 ceffiora
886 605 991 658 ferri
1010 629 1021 649 ι
1052 607 1095 647 &
1120 605 1349 647 sublimioris
1371 608 1617 662 vitestatum
1631 610 1690 649 in-

100 670 270 712 stituere.
727 684 734 693 “
1685 692 1690 701 1

156 727 287 769 Nobis
297 740 457 783 quoque
471 727 492 767 a
504 723 704 765 funeribus
716 753 726 769 ,
748 721 979 777 &sepulcris
997 723 1225 766 Sanstorum,
1238 721 1502 763 recedendum
1528 738 1539 770 ς
1561 722 1625 766 sed
1644 726 1697 764 ita

102 784 348 828 recedamus,
366 796 407 824 vt
420 781 608 838 surgamus
626 796 634 822 :
659 780 838 825 meliores
851 794 1025 826 curemus
1037 779 1203 821 euadere
1224 808 1234 824 ,
1260 780 1299 818 in
1317 778 1485 824 sublimia
1508 777 1696 825 feramur3

99 842 140 883 in
153 850 412 898 perennatura
424 873 433 883 .
463 839 575 893 Quid
592 837 720 894 adhuc
735 837 922 879 haeremus
932 849 1045 887 terrae
1072 845 1095 878 ,ὃ
1117 836 1228 890 Qid
1248 839 1447 878 morituris
1459 840 1697 878 immorimur

101 900 278 941 morituri
296 907 311 938 ?
327 896 367 937 O
384 911 485 939 verae
494 895 856 937 vitaeinhaletnobis
873 897 978 936 Deus
996 894 1137 937 stetisse
1149 895 1255 935 circa
1270 893 1444 950 sepulcra
1467 908 1477 936 τ
1508 896 1639 940 Finio,
1656 894 1697 935 δε

101 956 181 998 altc-
193 955 361 997 inclamo
380 968 390 996 z
419 956 463 997 ln
477 955 570 997 Coelo
584 954 752 995 maurus
762 962 936 997 ‚mentem
948 953 1034 995 dum
1043 953 1106 996 hic
1119 953 1222 992 viuit
1233 981 1244 998 ,
1253 953 1293 992 in
1301 951 1569 1008 Coeloftpeliae.

333 1071 448 1150 De
487 1069 824 1149 Pontibus
847 1071 1042 1181 supra
1075 1068 1439 1148 Flumina.

682 1183 875 1297 Cap.
938 1183 997 1259 X
1024 1185 1105 1266 V.

170 1379 171 1382 =
219 1353 362 1398 Idimus
389 1356 658 1409 Aquaedud'ius
673 1352 781 1410 supra
794 1366 936 1396 terram
948 1352 1117 1396 eleuatos
1137 1381 1148 1397 ‚
1170 1350 1404 1408 eosdemque
1413 1352 1519 1395 simul
1537 1366 1580 1394 ae
1592 1350 1701 1392 cloa-

105 1357 206 1465 V
235 1422 299 1454 cas
308 1411 536 1467 perviscera
549 1415 736 1455 montium
750 1410 921 1453 effoffas:
939 1414 1194 1466 cognouimus
1217 1414 1331 1450 etiam
1353 1409 1594 1453 coemeteria
1608 1411 1700 1449 San-

102 1470 256 1511 &orum
270 1471 308 1510 in
324 1469 592 1525 penetralibus
606 1480 716 1514 terrae
724 1471 904 1510 extructa
928 1497 936 1506 .
969 1467 1208 1509 Addendum
1223 1481 1384 1522 quoque
1397 1465 1491 1507 effer
1517 1465 1566 1506 de
1580 1465 1699 1506 amni-

105 1529 162 1566 cis
175 1527 393 1581 Aggeribus
418 1554 430 1571 ,
462 1527 505 1566 &
526 1526 717 1568 Pontibus
737 1524 850 1579 supra
878 1523 1032 1566 flumina
1052 1525 1072 1569 a
1092 1528 1271 1570 Romana
1288 1524 1470 1580 potentia
1489 1523 1701 1564 extrustis:

105 1583 289 1624 breuitati
304 1594 429 1626 autem
439 1582 649 1624 insistentes
664 1584 715 1625 de
744 1582 913 1625 Vrbanis
929 1581 1118 1624 Pontibus
1131 1584 1257 1637 primo
1268 1579 1473 1624 referemus
1488 1612 1497 1626 ,

155 1644 214 1684 At
228 1642 314 1683 viro
328 1640 511 1683 Pontium
524 1642 661 1682 Romae
673 1639 940 1685 extrustorum
955 1640 993 1682 in
1004 1637 1136 1680 Tiberi
1150 1636 1423 1693 antiquiffimus
1444 1637 1497 1682 est
1508 1636 1682 1677 Sublicius
1693 1664 1704 1679 ,

104 1698 154 1742 ab
166 1699 293 1741 Anco.
304 1709 449 1754 quarto
464 1712 553 1755 rege
573 1727 585 1744 ,
603 1701 670 1755 qui
687 1698 894 1740 Ianiculum
913 1698 1060 1741 adiecit
1076 1725 1086 1742 ,
1097 1694 1216 1741 fac‘ius
1229 1695 1435 1739 &trabibus
1458 1725 1469 1741 ,
1489 1690 1705 1748 tabulisque

107 1758 228 1800 iliceis
242 1784 253 1801 ‚
280 1756 384 1798 vnde
397 1769 538 1799 nomen
551 1761 708 1816 accepit
723 1756 934 1797 Roboreus
959 1785 971 1797 .
1014 1755 1122 1799 Idem
1133 1754 1257 1796 clarus
1273 1754 1432 1804 Horatij
1449 1752 1617 1795 Coclitis
1631 1763 1704 1805 pu-

106 1830 179 1872 gna
207 1836 219 1858 ν
245 1826 332 1855 cum
345 1826 444 1869 aegfe
458 1811 652 1869 disruptus
664 1844 676 1860 ,
712 1828 761 1855 ne
776 1813 894 1856 clauis
910 1826 1087 1870 vmquam
1104 1810 1236 1856 ferreis
1252 1812 1565 1852 committeretur
1580 1806 1699 1848 sanci-

101 1885 180 1915 tum
194 1869 387 1913 estflmoe
403 1872 588 1916 RVietor
596 1873 787 1914 Aemilium
798 1874 996 1913 nominat:
1014 1884 1099 1912 nam
1112 1870 1160 1911 ab
1176 1868 1344 1912 Aemilio
1357 1868 1516 1923 Lepido
1530 1868 1700 1906 Praetore

101 1930 458 1987 -Iapideumfasstum
473 1929 609 1970 volunt
630 1962 641 1971 .
669 1930 732 1971 De
747 1928 818 1970 isto
830 1928 882 1971 sic
895 1929 1072 1983 loquitur
1092 1930 1259 1968 Tacitus
1282 1940 1291 1965 :
1318 1924 1483 1966 Othone
1503 1921 1702 1975 Principe,

99 1988 248 2029 ‘Tiberis
256 1986 426 2042 immensi)
436 1989 547 2028 aubia
554 1996 742 2041 praerupto
755 1989 868 2028 Ponte
877 1985 1031 2025 Sublicio
1044 1982 1181 2036 refiastas
1206 2014 1216 2023 .
1248 1985 1346 2022 Situs
1358 1993 1439 2025 erat
1454 1982 1557 2021 Pons
1570 1977 1638 2018 iste
1653 1976 1703 2019 ad

101 2044 257 2088 radices
270 2044 460 2085 Auentini
471 2046 612 2085 montis
623 2072 634 2088 ,
645 2047 754 2088 cuius
773 2041 902 2082 adhuc
916 2041 1057 2080 rudera
1069 2038 1128 2079 seu
1140 2037 1230 2094 pilae
1243 2049 1444 2079 remanent
1460 2067 1471 2079 .

107 2120 109 2122 ·
166 2102 262 2143 Non
280 2100 439 2141 multum
454 2099 506 2141 ab
520 2100 723 2144 Auentino
733 2096 877 2143 distans
893 2106 975 2137 erat
986 2095 1082 2137 alter
1091 2097 1193 2138 Pons
1224 2124 1235 2141 ,
1269 2095 1360 2136 olim
1379 2096 1587 2136 Senatorius
1609 2122 1618 2137 ,
1634 2090 1705 2146 fid
1734 2116 1873 2146 pugnam„
1890 2118 1937 2154 sm

105 2159 290 2201 Palatinus
305 2167 549 2212 nuncupatus
559 2186 570 2203 ,
585 2158 652 2215 qui
667 2169 768 2197 nunc
781 2152 918 2196 sanstae
931 2154 1064 2195 Mariae
1075 2153 1235 2195 dicitur.
1262 2153 1325 2193 De
1339 2165 1503 2210 quorum
1516 2151 1702 2194 Pontium
1733 2159 1898 2188 Senasmm.

108 2215 367 2271 proximitate
379 2214 427 2255 ad
438 2219 597 2256 Circum
611 2212 788 2268 loquitur
798 2210 967 2255 Ouidius
981 2243 989 2254 .
1301 2218 1304 2223 ’

334 2271 527 2316 Pontibus,
547 2271 597 2315 (θ’
612 2280 742 2323 magno
759 2269 885 2313 iunHa
897 2268 951 2310 ef}
962 2269 1190 2311 celeberrima
1200 2272 1304 2309 Circo

389 2334 488 2371 Area
499 2351 511 2372 ‚
524 2340 602 2384 quae
608 2327 722 2382 postto
734 2327 780 2368 de
792 2331 890 2369 Boue
900 2340 1029 2369 nomen
1043 2327 1155 2370 habet
1165 2359 1174 2370 .

112 2386 355 2429 Restituerat
376 2385 481 2427 hunc
496 2387 659 2427 Pontem
676 2384 790 2428 Iulius
806 2384 1075 2442 PapaTertius
1087 2414 1098 2431 ,
1114 2395 1193 2426 tum
1206 2397 1339 2439 magna
1353 2396 1403 2423 ex
1415 2392 1528 2438 parte
1544 2381 1704 2434 Gregffi

109 2449 184 2488 rius
202 2442 384 2486 x111.sub
398 2447 545 2485 initium
557 2447 645 2484 anni
662 2442 840 2484 secularis
865 2457 879 2483 1
892 2454 984 2494 ς7ς.
1009 2442 1236 2486 durantibus
1249 2443 1414 2498 antiquis
1423 2438 1636 2482 fornicibus
1652 2433 1700 2476 ad

109 2515 310 2558 Vtramque
326 2506 447 2556 ripam
469 2534 477 2542 .
508 2499 585 2541 Sed
600 2515 702 2542 anno
720 2507 839 2553 1598.
863 2501 1077 2542 inundante
1099 2529 1110 2545 ‚
1131 2511 1173 2541 vt
1187 2511 1393 2554 numquam
1408 2508 1495 2537 ante
1514 2518 1526 2539 φ
1564 2494 1702 2535 Tiberi

110 2558 232 2602 versus
245 2558 452 2601 Palatinam
466 2559 587 2615 ripam
601 2561 734 2599 iterum
751 2569 907 2614 ruptus,
919 2571 991 2598 nec
1004 2558 1093 2598 dum
1109 2556 1340 2599 instauratus
1367 2583 1377 2599 ,
1407 2558 1444 2595 in
1461 2551 1521 2594 vsu
1533 2565 1612 2592 non
1625 2549 1699 2591 est.

165 2619 255 2656 Duo
267 2617 409 2658 deinde
425 2616 568 2656 Pontes
586 2614 796 2671 peruetusti
814 2619 944 2670 operis
956 2612 1106 2656 insulam
1123 2612 1282 2653 ‘Hiberis
1294 2614 1457 2666 iungunt
1475 2624 1485 2650 .·
1502 2608 1701 2651 Fabricius,

27 2664 78 2715 D
110 2671 156 2716 &¹
166 2672 523 2715 CaefliusAEabricius
535 2687 638 2713 nunc
649 2685 818 2727 quatuor
828 2676 1009 2727 Capitum
1022 2687 1043 2713 a
1053 2686 1103 2726 qu
1110 2668 1324 2711 adrifronte
1336 2672 1416 2710 Iani
1429 2668 1550 2709 statua
1564 2665 1619 2706 ibi
1630 2679 1704 2720 po,

111 2729 180 2772 fita
196 2731 232 2770 in
247 2733 431 2772 citeriore
454 2734 556 2786 ripa.
582 2729 790 2772 L.F.cVR.
812 2730 937 2772 VIAR.
952 2728 1176 2781 fhciundum
1201 2728 1346 2769 curauit
1365 2740 1374 2767 :
1401 2736 1442 2767 vt
1465 2727 1503 2765 in
1529 2734 1696 2777 Vtroque

109 2785 270 2828 fornicis
283 2800 373 2829 arcu
385 2786 567 2842 scriptum
579 2786 652 2828 est.
686 2788 747 2827 De
760 2801 808 2827 eo
828 2788 932 2828 Dion
949 2786 1012 2827 lib.
1038 2800 1101 2839 37.
1130 2788 1224 2825 Pons
1239 2797 1383 2840 quoque
1398 2781 1559 2838 lapideus
1571 2779 1623 2820 ad
1639 2781 1701 2818 In-

99 2843 223 2899 fidam
238 2874 247 2888 ,
259 2857 336 2898 qux
345 2847 384 2885 in
397 2845 525 2885 Tiberi
540 2854 650 2885 extat
665 2873 676 2889 ‚
683 2847 890 2897 pertingens
902 2845 1094 2885 extruft'us
1105 2873 1114 2888 ,
1136 2841 1393 2897 Fabriciufque
1404 2840 1520 2881 dietus
1536 2834 1579 2887 est
1595 2864 1604 2873 ·
1654 2834 1701 2874 ld

112 2902 310 2956 perastum
326 2906 375 2942 A.
394 2904 441 2944 V·
466 2902 678 2942 DCXCII.
694 2901 867 2941 Alterum
885 2905 975 2942 olim
989 2900 1158 2944 Caefiium
1192 2930 1203 2945 ,
1242 2912 1346 2940 nunc
1360 2896 1475 2939 sansti
1493 2890 1704 2937 Bartholo-
1731 2911 1853 2948 ὤμω,

110 2962 194 2999 maei
213 2957 423 3000 Ianiculum
441 2957 564 2998 versus
577 2987 586 3002 ‚
602 2957 894 3000 Valentinianus
915 2981 925 3001 ‚
952 2961 1097 3001 Valens
1115 2986 1125 3002 ‚
1148 2957 1350 2998 Gratianus
1366 2958 1494 3009 Impp.
1512 2963 1554 2992 vt
1569 2960 1702 2989 monet

110 3016 262 3070 duplex
275 3013 478 3069 inscriptio
493 3043 505 3059 ‚
527 3012 751 3054 faciundum
767 3026 969 3056 curarunt.
993 3012 1076 3069 Ipsa
1088 3028 1210 3069 porro
1227 3012 1346 3054 Insula
1358 3022 1505 3068 praeter
1515 3004 1699 3060 templum

115 3072 236 3117 louis,
251 3071 603 3127 Aesculapij‚Fauni
615 3101 625 3115 ,
637 3069 833 3124 lapidibus
845 3072 936 3112 olim
951 3073 1130 3114 instrusta
1143 3075 1180 3111 in
1195 3069 1351 3111 modum
1365 3063 1704 3123 puppis.ins1gnem

111 3127 230 3169 fertur
242 3128 413 3170 habuisse
427 3128 581 3170 statuam
596 3127 677 3178 Iulij
695 3126 852 3170 Caesaris
868 3159 877 3173 ,
898 3142 942 3170 ac
955 3127 1083 3174 semel,
1095 3126 1203 3183 quod
1216 3126 1349 3166 scribit
1364 3126 1526 3164 Tacitus
1537 3120 1606 3161 lib.
1622 3123 1701 3174 pri-

111 3200 173 3225 mo
191 3185 318 3227 histor.
358 3190 399 3227 in
410 3184 529 3239 Insula
550 3185 721 3226 Tiberini
729 3190 847 3227 amnis
843 3186 974 3241 sere-zm
984 3186 1030 3230 ὠν
1043 3189 1188 3226 immoto
1200 3183 1259 3223 die
1266 3182 1313 3222 ab
1325 3179 1514 3221 Occidente
1524 3181 1563 3220 in
1576 3180 1702 3217 Orien-

1572 3244 1644 3273 tem

1733 1623 1797 1653 ,ΡοΆὶ
1805 1622 1935 1654 Sublimis
1948 1646 1955 1657 v

1732 2644 1864 2676 Fabaicius
1873 2664 1880 2671 .
