2206 3480
189 72 198 86 ’
256 67 363 122 DE
406 60 931 119 VIRTVTIBVS
969 58 1561 114 ROMANORVM.
1650 83 1747 123 137

70 167 113 221 A
139 165 230 212 suin
259 164 477 220 eademque
494 163 598 205 duce
608 167 722 208 vicit,
740 163 783 204 &
795 161 1015 218 triumphos
1028 165 1106 218 egit
1124 168 1265 203 contra
1282 157 1561 200 Maximianum
1573 182 1585 199 ‚
1599 159 1765 200 Maxen-

139 225 236 264 tium
251 245 263 265 2
277 224 318 263 &
329 223 518 263 Licinium
530 253 539 261 .
561 224 682 264 *Idem
699 220 935 261 Theodosio
948 232 1087 262 contra
1105 219 1321 260 Maximum
1337 217 1376 257 &
1389 220 1596 272 Eugenium
1611 217 1760 271 Tyran-

140 295 214 330 nos
228 277 410 320 successit
423 311 432 319 .
468 281 512 319 ln
535 278 677 320 Castris
698 278 873 329 Honorij
890 278 997 318 nullo
1014 277 1171 318 vulnere
1185 287 1375 330 accepto,
1403 279 1511 314 nullo
1527 274 1643 314 milite
1661 274 1761 315 deli.

144 338 288 379 derato
304 336 533 377 Gothorum
553 335 670 377 millia
693 334 864 375 ducenta
891 335 1147 376 ceciderunt.
1179 332 1389 373 Heraclius
1409 335 1447 371 in
1474 332 1598 371 tribus
1614 330 1758 371 Castris

142 405 206 437 ter
219 397 344 440 victor
367 408 445 435 non
468 395 602 438 armis;
625 391 692 432 sed
717 393 890 442 ieiunijs,
921 391 1132 446 precibus,
1161 391 1294 429 cilicio
1311 390 1434 434 stetin
1457 401 1500 430 vt
1529 390 1579 429 de
1602 389 1685 434 aliis
1700 402 1758 430 ta·

144 465 255 493 ceam
269 483 278 492 .
294 453 447 491 Contra
458 453 666 504 impiorum
680 449 832 504 Regum
847 447 1024 489 infelices
1035 450 1162 488 exitus
1177 446 1434 501 spestabimus
1445 448 1483 486 in
1500 447 1660 490 Iuliano,
1674 450 1755 489 V'a·

144 508 276 555 lente,
299 510 487 549 Zenone,
516 503 719 551 ssafiuseo,
734 504 958 550 Anastafio‚
991 505 1277 559 Copronymo,
1293 504 1492 546 Maximo,
1510 503 1758 547 Phoca‚An-

147 565 333 611 dronic,o‚‘
344 566 552 604 Comneno
565 563 608 604 ὃς
620 563 704 614 alijs
717 594 726 602 .
743 562 797 602 Vt
811 566 910 603 enim
925 564 1013 604 laeta
1024 563 1182 616 piorum
1194 563 1234 601 ir.
1247 573 1416 605 amorem
1430 562 1753 605 &imitationem

147 622 199 664 fic
211 620 545 675 tristiaimpiorum
557 623 596 663 in
613 621 824 669 horrorem
840 618 1019 676 &fugam
1034 617 1108 659 fint
1121 650 1130 661 .

606 705 1271 761 ,¹12RVOBITAS.

147 802 157 837 ¹.
270 800 481 857 Religione
493 802 532 842 ὃς
544 802 692 843 Pietate
705 799 898 856 procefflt
916 803 1032 842 etiam
1044 799 1271 841 eorumdem
1283 798 1553 838 Romanorum
1568 793 1764 838 Probitas,

288 861 384 900 idest
400 859 513 900 animi
525 860 702 903 candor,
725 861 1190 914 morumqueintegritaffi*
1206 863 1293 897 cum
1317 856 1360 895 &
1379 853 1503 895 hostes
1527 854 1563 893 in
1581 850 1631 892 sui
1647 851 1767 892 admi-

147 928 339 957 rationem
351 919 551 971 rapuerint
564 928 578 957 .’
608 919 739 958 Tanta
753 918 808 956 vis
820 917 970 957 virtutis
981 915 1057 960 est3
1075 917 1159 957 vtin
1176 912 1430 970 prouerbium
1449 910 1611 953 abierit:
1628 910 1763 949 Homo

81 996 128 1049 ,B
148 972 319 1015 Romani
333 975 502 1028 ingenij‚
518 975 698 1015 Romana
712 973 961 1028 simplicitas,
979 976 1167 1017 Romana
1187 970 1311 1012 fides:
1336 968 1428 1009 hinc
1450 968 1572 1008 homo
1598 968 1764 1006 Graecus

147 1030 336 1086 Polybius
350 1034 494 1085 inquit:
530 1031 642 1083 Apud
652 1044 717 1072 nos
726 1031 772 1085 si
794 1034 854 1071 cui
875 1031 1054 1071 talentum
1078 1028 1321 1071 concreditum
1332 1027 1408 1083 stt,
1429 1027 1474 1070 ὠ·
1489 1033 1620 1065 extent
1646 1023 1765 1063 decem

134 1085 358 1142 fingraphae
372 1118 381 1132 ,
404 1088 523 1129 decem
535 1089 664 1143 signa,
686 1088 740 1127 bn
750 1088 901 1128 totidem
913 1087 1040 1134 testem
1055 1097 1176 1128 tamen
1194 1085 1311 1142 fidem
1329 1081 1463 1132 vixest-
1474 1080 1646 1138 fimare:
1666 1077 1769 1132 apud

147 1147 337 1186 Romanos
344 1156 564 1188 autemstum
580 1148 619 1184 in
633 1147 652 1185 I
655 1145 810 1199 mperffs,
824 1155 892 1184 aut
904 1144 1155 1197 Legationibus
1160 1144 1362 1196 plurimum
1374 1142 1538 1194 pesuniae
1548 1142 1586 1179 in
1597 1136 1767 1178 manibus

152 1201 344 1247 habeant,
366 1201 642 1258 &dispensenn
663 1206 785 1242 tamen
796 1199 973 1254 officium,
988 1215 1034 1241 ac
1048 1201 1149 1256 fides
1158 1199 1348 1243 conflant,
1368 1196 1450 1252 Jbla
1465 1194 1663 1251 iusiurandi
1679 1194 1764 1233 reli·

142 1260 446 1312 gioneindufflos.
478 1259 614 1300 Similis
632 1257 706 1299 fuit
719 1258 873 1301 candor
885 1259 1099 1299 eorundem
1115 1262 1153 1298 in
1180 1256 1309 1301 bello,
1334 1257 1375 1297 ὃ(
1392 1257 1482 1295 raro
1495 1251 1696 1295 fraudibus
1708 1255 1763 1291 vi-

147 1316 276 1360 storia
286 1317 465 1371 quaefita‚
493 1328 561 1357 aut
585 1325 714 1371 parta;
739 1327 782 1358 vt
805 1326 1023 1371 propterea
1051 1316 1109 1356 M.
1125 1315 1325 1369 Aquilium
1347 1317 1624 1368 Imperatorem
1639 1311 1766 1363 graui·

146 1384 211 1416 ter
225 1385 356 1429 tangat
367 1374 535 1415 Annaeus
550 1377 699 1415 Sene-ca
713 1402 723 1418 ‚
743 1374 855 1429 quod
868 1374 900 1414 is
917 1372 1021 1414 bello
1035 1372 1212 1414 Asiatico
1236 1384 1386 1410 veneno
1412 1368 1541 1410 fonte-s
1564 1364 1764 1408 miscuisset

146 1429 208 1472 his
220 1431 369 1472 verbis:
389 1429 487 1488 Qae
501 1444 568 1474 res,
579 1441 629 1470 vt
639 1439 825 1472 maturam
837 1434 893 1471 ita
906 1427 1179 1482 infhmemfi’cit
1191 1428 1393 1468 vifioriasn
1403 1441 1414 1466 .·
1428 1431 1565 1481 quippe
1581 1437 1661 1464 cum
1675 1436 1761 1463 con-

147 1486 278 1537 trdfiss
289 1490 407 1527 Deum
417 1511 428 1531 2
447 1486 597 1542 moresq3
612 1491 791 1532 maiarum
801 1486 1103 1532 medicaminibus
1113 1488 1265 1538 impuris
1278 1484 1369 1524 mid
1378 1492 1517 1535 tempus
1522 1479 1758 1536 fiacrofimlh

148 1546 319 1584 Romana
331 1558 435 1584 arma
448 1542 617 1600 violfft
628 1576 637 1585 .
672 1544 848 1588 Maxime
860 1542 1099 1598 resplenduit
1109 1543 1195 1584 haec
1208 1541 1392 1597 probitas
1411 1544 1449 1580 in
1477 1538 1547 1580 illis
1572 1542 1763 1581 Romanae

148 1600 400 1655 Reipublicae
414 1602 651 1644 nitatibus,
673 1612 715 1641 vt
727 1599 900 1643 referunt
925 1599 1115 1644 historiam
1135 1612 1223 1640 cum
1238 1597 1418 1652 exempla
1432 1596 1659 1650 Principum
1676 1595 1758 1634 Po..

147 1658 332 1713 pulorum
349 1662 588 1699 documenta
600 1656 692 1698 sint:
716 1671 765 1700 ex
780 1672 856 1699 vno
870 1661 968 1699 enim
981 1658 1170 1712 Principe
1185 1654 1363 1711 reliquos
1376 1653 1598 1696 aestimamus
1611 1665 1619 1692 :
1634 1664 1763 1706 neque

148 1713 219 1757 sub
236 1716 367 1769 probo
383 1719 531 1771 pioque
542 1719 673 1767 capite
690 1715 893 1771 improba,
919 1716 1119 1770 impiaque
1143 1713 1316 1754 membra
1340 1709 1443 1753 nasci
1463 1710 1716 1752 arbitramur;
1741 1707 1765 1747 ὁ

151 1776 268 1814 ramis
280 1774 332 1813 de
349 1772 498 1814 arboris
514 1783 657 1813 trunco
670 1802 680 1817 ,
703 1773 725 1812 ὲ
746 1776 940 1828 pampinis
955 1776 1005 1813 de
1018 1776 1128 1813 vinea
1142 1794 1154 1815 ‚
1178 1769 1200 1810 ὲ
1226 1769 1422 1811 frumento
1440 1769 1491 1809 de-
1503 1781 1589 1809 area
1603 1792 1615 1811 ‚
1635 1767 1666 1804 ’ἐ
1686 1763 1761 1806 fru-

86 1828 133 1880 C
151 1833 233 1871 tice
258 1829 308 1869 de
335 1830 472 1872 radice
486 1830 674 1871 iudicium
686 1828 860 1871 ferimus.-
892 1843 1021 1885 neque
1044 1828 1162 1870 facile
1175 1827 1196 1868 a
1210 1831 1280 1882 pio
1305 1825 1500 1883 quisquam
1516 1825 1675 1879 impium
1691 1821 1765 1862 fibi

85 1897 89 1900 ’
152 1884 384 1943 persuadet.
415 1886 632 1928 Probitatis
646 1893 746 1929 enim
765 1888 907 1942 opinio
920 1889 1208 1928 venerationem
1232 1897 1457 1938 prouocare
1469 1881 1590 1922 solet:
1618 1880 1703 1920 haec
1716 1877 1767 1918 fi*

155 1944 311 1986 daciam
322 1975 331 1985 .
362 1944 510 1999 Magna
524 1949 625 1986 enim
634 1943 791 1986 fidueiae
800 1947 1061 1999 prouocatrix
1072 1941 1253 1982 Probitas
1268 1940 1340 1984 est;
1367 1953 1454 1995 quae
1476 1939 1606 1978 radios
1616 1935 1701 1975 suos
1713 1949 1766 1975 eo

154 2004 349 2044 certiusin
367 2000 497 2042 hostes
510 2005 673 2055 quamin
689 2004 835 2042 amicos
861 2001 1075 2042 diffundm
1098 2012 1183 2052 quo
1207 2000 1373 2036 maiores
1397 1997 1435 2035 in
1460 1993 1531 2033 illis
1555 1990 1735 2033 censores
1751 2021 1765 2038 ,

155 2056 444 2112 seuerioresque
473 2059 721 2100 aestimatores
735 2057 921 2101 Ysortitum
945 2057 989 2096 &
1007 2056 1240 2109 plerumque
1257 2054 1350 2092 vitia
1369 2049 1610 2091 obtenebrat
1632 2064 1763 2091 amor:

157 2114 348 2156 hostilitas
361 2113 455 2155 nihil
469 2115 642 2156 abditum
658 2116 870 2169 permittit:
888 2112 988 2152 eruit
999 2114 1097 2151 enim
1111 2113 1261 2150 minima
1271 2108 1290 2153 ,’
1306 2109 1349 2149 ὅε
1363 2107 1599 2148 detenebrat
1612 2135 1622 2151 ‚
1639 2107 1769 2147 obnu-

157 2171 337 2227 bilatque
352 2170 550 2225 quidquid
561 2186 670 2214 amor
684 2172 843 2224 integit;
869 2171 912 2209 &
936 2167 1094 2223 planum
1111 2166 1224 2207 solem
1242 2164 1398 2206 educit.
1426 2165 1576 2207 Laudat
1598 2163 1770 2207 amicus?

157 2243 210 2271 ne
223 2230 343 2271 crede
353 2230 571 2284 :mentitur
582 2229 709 2274 Amor
723 2256 732 2267 .
763 2225 912 2271 Laudat
925 2224 1071 2272 hostis?
1091 2224 1211 2271 crede
1226 2256 1237 2270 ,,

670 2345 1262 2401 IVSTITIA.

234 2459 380 2502 Vstitiae
393 2460 570 2503 cultores
582 2460 752 2503 extitiffe
763 2461 966 2502 Romanos
985 2459 1164 2503 omnibus
1186 2457 1368 2499 constat:
1394 2455 1519 2498 abesse
1537 2457 1636 2495 enim
1650 2455 1669 2495 a
1682 2455 1771 2494 viro

252 2517 343 2558 forti
356 2517 457 2566 fraus
471 2518 614 2560 debet:
638 2518 804 2560 imbellis
818 2519 860 2559 ὅ(
881 2519 1084 2560 imbecillis
1098 2518 1212 2558 animi
1224 2516 1334 2556 dolus
1346 2518 1468 2556 omnis
1482 2513 1555 2555 est,
1571 2513 1613 2552 ὃς
1630 2513 1679 2551 de
1692 2514 1767 2551 vir-

159 2585 250 2615 tute
261 2573 571 2616 suadiffidentis:
598 2577 789 2630 improbae
805 2577 942 2616 mentis
959 2574 1116 2617 soboles
1129 2574 1264 2614 iniusta
1279 2571 1384 2613 laefio
1397 2585 1410 2609 .·
1427 2570 1617 2611 muliebris
1630 2569 1770 2622 linguae

90 2661 144 2714 D
165 2629 353 2673 calumnia
363 2647 442 2674 non
453 2634 507 2673 est
520 2632 633 2673 virilis
648 2636 783 2673 animi.
817 2632 962 2673 Iustitia
976 2643 1102 2673 autem
1124 2635 1161 2671 in
1180 2629 1288 2670 bellis
1302 2625 1537 2683 potiffimum
1559 2630 1660 2667 inter
1684 2625 1769 2666 illos

166 2688 331 2733 enituit;
353 2701 394 2730 vt
406 2703 478 2730 nec
492 2687 616 2731 forsan
633 2689 704 2729 alia
717 2703 808 2744 gens
822 2688 1104 2730 consideratius
1119 2716 1129 2732 ‚
1153 2687 1195 2727 ὃς
1211 2686 1332 2727 causis
1358 2689 1395 2726 in
1420 2686 1578 2726 rationis
1594 2686 1772 2724 trutina,

166 2744 318 2788 libratis
329 2772 341 2788 ‚
365 2745 505 2787 bellum
518 2745 731 2801 susceperit
750 2777 761 2792 ‚
776 2760 888 2801 quam
905 2745 998 2788 ista:
1012 2748 1152 2786 etenim
1167 2757 1240 2784 nec
1256 2745 1436 2787 Senatui,
1460 2755 1533 2782 nec
1545 2740 1701 2795 Populo
1710 2750 1774 2780 to-

166 2804 199 2844 ti
213 2800 370 2856 plenum
387 2801 554 2849 hocius,
578 2802 643 2843 nisi
668 2804 852 2844 iudicium
885 2804 930 2843 ἃ
954 2802 1143 2843 iudicatio
1168 2799 1427 2842 Sacerdotum
1451 2799 1702 2853 publicorum
1719 2798 1777 2836 in-

168 2856 418 2902 teruenisset,
446 2872 546 2913 quos
571 2860 764 2901 Foeciales
790 2860 979 2901 dicebant
1004 2874 1013 2901 :
1054 2872 1186 2900 eorum
1216 2858 1378 2898 arbitrio
1399 2856 1545 2911 sumpta
1567 2856 1608 2895 &
1628 2854 1775 2909 polita„

171 2929 302 2961 arm23
335 2915 377 2955 &
402 2929 480 2955 non
505 2914 626 2957 solum
648 2918 789 2959 iustitia
807 2947 817 2962 ‚
835 2917 900 2958 sed
930 2919 972 2958 ὃ(
997 2917 1131 2971 religio
1153 2931 1196 2956 ea
1219 2914 1487 2970 temperabat.
1519 2914 1665 2953 Laudat
1692 2910 1774 2949 hoc

172 2973 290 3015 vnice
316 2970 551 3027 Dionysius,
570 2974 613 3013 ὃ(
633 2975 772 3016 Graecos
788 2974 874 3029 fisos
887 2973 1031 3026 carufie
1049 2989 1089 3013 eo
1110 2987 1121 3014 :
1149 2975 1248 3013 dicit
1264 2986 1277 3012 :
1305 2975 1353 3013 Et
1360 2971 1437 3027 fis}
1452 2970 1567 3009 obiter
1588 2966 1774 3022 expositu-

174 3043 257 3070 rum
273 3052 286 3072 ²
317 3029 411 3084 quid
425 3031 584 3068 muneris
607 3029 654 3072 ὠ
681 3033 771 3070 iuris
797 3030 1015 3070 habuerint:
1041 3038 1090 3068 vt
1112 3029 1243 3083 quibus
1265 3032 1386 3082 ignota
1408 3027 1581 3067 haeream
1595 3024 1679 3075 suit
1703 3026 1776 3063 Ro-

179 3098 371 3126 manorum
393 3089 433 3126 in
461 3088 489 3125 Β
503 3088 531 3126 Ε
542 3087 569 3124 L
581 3087 608 3124 L
620 3089 652 3125 Ο
681 3088 803 3138 religio
815 3116 824 3130 ,
850 3089 979 3126 mirari
998 3086 1162 3140 desinant
1174 3083 1304 3131 filices
1320 3093 1468 3125 euentus
1482 3083 1695 3134 plerumque
1707 3080 1778 3120 ha-

181 3138 308 3197 burffe.
337 3146 445 3184 Nam
463 3146 621 3183 omnium
636 3143 806 3183 bellorum
819 3146 926 3195 initia
942 3168 953 3187 ‚
978 3143 1024 3186 ὼ
1046 3143 1167 3197 ιαμβι
1182 3143 1375 3198 apparebit
1386 3137 1499 3182 iustas
1513 3133 1643 3194 fi¹ffi³
1664 3149 1776 3192 atque

183 3197 266 3240 ideo
277 3200 370 3242 Deos
385 3202 702 3255 merito-propitios
711 3198 879 3258 sensiſse,
897 3198 1130 3254 &fauentes
1146 3232 1156 3244 .
1425 3219 1429 3224 “
1492 3219 1496 3222 ·
1524 3220 1526 3223 ’
1580 3205 1586 3210 ’
1612 3251 1635 3291 d

1313 3256 1336 3298 S
1570 3254 1607 3295 A
1639 3255 1711 3293 mi-
