2206 3480
329 114 1553 178 DEHOSPITALITATE.
1672 144 1768 187 335

132 221 172 271 A
199 212 309 249 immu
316 212 368 249 nis
370 211 442 264 stt.
474 213 574 252 Vides
587 217 675 267 quia
685 213 874 254 Abraham
883 215 999 252 Deum
1008 216 1143 265 recepit
1154 211 1307 266 hospitio
1317 237 1328 256 ‚
1356 213 1440 253 dum
1454 212 1611 266 hospites
1625 217 1756 267 quaerit
1774 246 1783 254 .

203 266 304 305 Is'ides
318 272 405 321 quia
418 268 510 309 Loth
524 271 672 322 Angelos
690 270 847 325 fhsiepit
857 278 873 310 ἑ
905 269 1000 308 Vnde
1010 268 1083 324 fiis
1098 283 1146 309 an
1159 280 1198 309 tu
1208 282 1286 310 cum
1297 269 1469 325 hospitem
1490 271 1665 325 fitscipias
1680 293 1692 313 2
1713 270 1777 323 fit·

195 322 330 377 Jiipias
342 325 552 366 Christum?
565 327 644 366 licet
654 330 693 365 in
708 326 896 380 hospitesit
905 325 1090 370 Christus,
1103 329 1191 380 quia
1204 327 1372 366 Christus
1383 330 1422 366 in
1429 339 1591 379 paupere
1601 326 1653 366 eft
1669 327 1778 381 ,sicut

206 379 279 432 ipse
289 384 343 419 ait
359 410 366 420 .
396 384 439 421 In
454 395 594 422 carcere
607 396 705 422 eram
717 384 763 425 &
772 382 900 433 vensti
913 382 966 421 ad
975 394 1050 424 me,
1079 382 1196 421 nudus
1203 397 1301 423 eram
1313 385 1358 426 ὠ
1369 384 1543 435 operuisti
1555 397 1610 423 me
1623 416 1631 424 .
1667 384 1777 424 Hinc

208 440 329 490 regius
341 436 541 478 charaeter
562 439 769 480 existimata
787 438 840 479 est
859 437 1113 492 Hospitalitas
1123 443 1278 492 gemmis
1295 442 1473 480 omnibus
1497 440 1759 493 praeferenda„
1771 474 1780 481 ,

210 495 375 535 Sanctus
385 494 674 549 Chrysostomus
687 496 817 536 homil.
830 497 880 536 de
889 492 1069 536 Eleemos
1093 495 1135 533 &
1150 494 1301 548 Hospit.
1316 496 1616 550 Hospitalitatem
1629 510 1780 541 exerce.

205 553 430 589 continenter
441 554 601 591 orationi
608 553 788 597 incumbe3
818 551 960 590 videbis
973 549 1048 591 haec
1058 549 1150 600 flare
1166 555 1308 590 auratis
1319 553 1483 591 vestibus
1490 557 1636 605 potiora
1647 584 1656 598 ‚
1681 567 1778 607 gem-

205 605 341 660 misane
343 608 506 662 pretiosis
517 609 563 650 ὠ
574 608 764 649 monilibus
773 609 875 660 longo
887 606 1079 646 interuallo
1086 605 1262 657 praessare
1271 636 1282 646 .
1295 610 1342 646 Et
1354 610 1454 647 idem
1470 615 1589 649 tom.6
1596 643 1602 649 .
1610 614 1647 651 O
1655 624 1726 651 rat.
1739 615 1776 650 in

207 662 352 702 Diuum
369 663 523 704 Petrum
541 666 582 705 ὃ(
598 666 710 706 Eliam
726 679 735 706 :
753 668 796 703 H
800 662 1029 717 ospitalitatis
1045 661 1169 717 semen
1180 663 1299 702 vidua
1318 662 1476 717 sparfit‚
1505 665 1688 708 &statim
1702 666 1778 719 flo-

206 729 342 760 rentem
354 729 464 774 atque
471 721 643 776 copiosam
656 720 914 774 hospitalitatis
923 716 1055 775 meffem
1068 720 1216 771 colligit.

260 779 394 830 Atque
409 777 508 817 adeo
526 789 564 818 vt
577 776 741 831 Hospitii
757 775 1029 816 neceffitudini
1047 780 1176 816 louein
1191 780 1293 817 inter
1309 776 1403 817 alios
1414 775 1671 831 superstitiose
1682 792 1778 827 prae-
1799 803 1998 842 mmmmm·

205 829 349 873 fecerit
366 834 737 889 antiquitas;10uem
750 832 978 886 hospitalem
994 847 1078 872 eum
1092 833 1264 887 appellis
1283 834 1385 889 quasi
1396 833 1556 890 hospitij
1574 834 1778 889 ptaefidem

205 902 251 929 ac
267 890 458 930 vindicem
472 921 481 929 .
497 889 614 930 Plaut.
629 894 667 930 in
683 891 836 931 Poenul.
851 891 965 939 astg.
980 887 1120 931 scen.1.

429 949 544 986 Deum
557 946 769 1001 hospitalem
782 971 792 990 ‚
805 961 847 986 ac
860 943 1038 1003 ‘Teffiram
1048 945 1269 997 mecumsero
1280 980 1289 988 .

203 1006 265 1043 lta
280 1003 446 1043 Romani
460 1003 591 1044 Iouem
602 1006 759 1043 Xenium
771 1033 780 1047 ‚
795 1004 892 1044 idest
905 1001 1129 1057 hospitalem
1144 1003 1396 1059 appellabant
1407 1037 1415 1045 .
1447 1005 1549 1045 Hinc
1562 1004 1661 1046 fides
1675 1009 1779 1047 Iouis

144 1052 182 1102 B
203 1057 425 1109 hospitalis.
446 1060 594 1100 Cicero
607 1060 654 1100 ad
669 1063 720 1111 Q.
741 1061 933 1102 Fratrem:
963 1063 1006 1099 N
1009 1073 1053 1099 on
1057 1058 1220 1110 jaciam,
1249 1071 1297 1100 vt
1312 1062 1412 1101 illum
1426 1060 1602 1120 offendam
1617 1092 1626 1106 ,
1656 1076 1700 1102 ne
1710 1066 1780 1103 im·

199 1116 320 1169 ploret
321 1115 439 1170 fidem
453 1119 471 1156 I
473 1120 548 1157 ouis
558 1117 744 1170 hospitalis
756 1147 765 1161 ,
781 1118 968 1172 Apuleius
984 1117 1048 1156 lib.
1056 1130 1088 1170 3.
1100 1117 1166 1156 Sed
1172 1118 1268 1169 proh
1281 1121 1446 1171 luppiter
1456 1118 1645 1173 hospitalis
1657 1148 1668 1164 ,
1678 1119 1779 1175 &fi-

204 1172 408 1227 deisecreta
421 1168 589 1214 numina.
608 1176 746 1214 Eadem
761 1185 885 1214 mente
903 1174 1032 1226 Virgil.
1048 1176 1212 1215 Aeneid.
1224 1176 1331 1216 lib.1.

390 1256 393 1259 ,
428 1233 448 1269 I
450 1233 567 1281 upiter
577 1230 794 1283 hospitibus,
820 1245 903 1270 nam
916 1242 949 1269 te
958 1231 1046 1269 dare
1058 1234 1140 1270 iura
1154 1233 1355 1286 loquuntur
1366 1256 1377 1276 ‚
1392 1233 1470 1276 &a

207 1285 380 1342 Ideoque
395 1286 443 1326 ab
463 1288 614 1329 Ouidio
630 1290 806 1343 luppiter
827 1286 966 1342 hospes
993 1287 1209 1342 appellatus
1221 1318 1231 1333 ‚
1262 1285 1414 1344 eiusque
1439 1292 1519 1330 Ara
1542 1292 1779 1332 venerationi

208 1341 280 1384 fuit
294 1377 303 1384 .
966 1351 968 1354 ’

430 1408 527 1443 Ante
527 1401 632 1453 sores
643 1403 773 1443 horum
787 1400 910 1441 flabat
922 1403 1019 1440 Iouis
1035 1401 1185 1456 hospitis
1199 1417 1269 1442 ara
1280 1434 1288 1442 .

208 1457 378 1512 Templa
391 1461 507 1499 etiam
535 1461 616 1500 Ioui
632 1458 810 1513 hospitali
829 1459 958 1497 dicata
978 1459 1166 1499 infinuant
1190 1460 1347 1500 historia
1374 1460 1560 1502 Machab.
1574 1461 1638 1501 lib.
1655 1475 1689 1503 2-
1703 1468 1781 1503 c.6.

205 1515 403 1556 Antiochus
417 1519 454 1555 in
469 1516 723 1570 Hierosolymis
734 1515 901 1566 templum
914 1517 933 1554 I
935 1519 994 1555 oui
1005 1516 1166 1568 Olympio
1181 1517 1375 1561 dedicauit,
1387 1518 1480 1560 &in
1490 1521 1661 1560 Garizim
1669 1529 1782 1572 prout

203 1581 311 1610 erant
321 1573 349 1625 ᾔ
358 1601 368 1615 ,
379 1576 444 1626 qui
454 1574 566 1612 locum
576 1571 838 1612 inhabitabant
847 1600 855 1615 ‚
875 1573 971 1611 louis
984 1572 1174 1626 hospitalis
1190 1605 1197 1614 .

259 1631 392 1671 Venus
405 1640 590 1683 praeterea
603 1630 715 1670 veluti
730 1632 880 1669 Amoris
900 1628 1030 1669 Mater
1050 1628 1244 1683 Hospitali
1265 1631 1375 1670 titulo
1388 1630 1624 1676 honestatur,
1638 1636 1780 1673 Cicero

202 1698 280 1738 pro
297 1686 429 1725 Coelio
443 1700 452 1726 :
483 1690 587 1725 Huic
598 1683 769 1735 ficinori
782 1695 883 1724 tanto
895 1694 957 1723 tua
971 1699 1066 1725 mens
1083 1687 1242 1725 liberalis
1255 1686 1390 1741 conftia
1400 1717 1409 1731 ‚
1422 1697 1486 1727 tua
1500 1689 1623 1728 domus
1627 1690 1782 1741 popula-

203 1745 253 1780 ris
266 1742 435 1781 ministra
448 1771 456 1787 ‚
475 1753 537 1782 tua
547 1743 702 1796 denique
711 1741 899 1795 hospitalis
910 1741 970 1780 illa
988 1743 1096 1780 Venus
1109 1743 1284 1781 adiutrix
1296 1743 1356 1791 ess'e
1371 1757 1443 1783 non
1461 1746 1588 1784 debuit
1601 1778 1608 1786 .

260 1797 442 1839 Minerua
458 1813 615 1853 quoque
629 1797 829 1850 hospitalis
843 1798 955 1838 dista.
972 1797 1166 1839 Pausanias
1182 1799 1290 1853 lib.3.
1305 1799 1395 1857 Qo
1407 1803 1447 1840 in
1464 1801 1538 1841 loco
1550 1803 1775 1857 Parcaefitnt,

199 1852 331 1894 ibidem
343 1854 386 1905 st
401 1855 587 1909 hospitalis
603 1859 766 1909 Iuppiter
780 1878 791 1899 ‚
804 1856 849 1898 ὠ·
865 1853 1054 1907 hospitalis
1069 1859 1269 1896 Minerua.
1300 1858 1350 1895 Vt
1367 1870 1526 1911 quoque
1541 1860 1642 1900 idem
1663 1860 1712 1900 de
1726 1864 1781 1901 A-

201 1910 362 1965 polline,
374 1913 544 1957 Castore,
560 1913 717 1955 Polluce
732 1935 742 1954 5
762 1926 847 1952 cum
862 1916 1036 1951 caeteris.
1671 1966 1673 1968 q
1776 1935 1778 1937 ·

244 1970 418 2021 (Quanta
435 1969 527 2010 esset
540 1975 590 2009 vis
600 1968 755 2024 hospitii
767 1993 778 2012 ,
797 1980 940 2023 quanta
951 1970 1087 2021 religio
1099 1971 1204 2018 apud
1222 1974 1422 2012 Romanos
1440 2004 1448 2012 .
1462 1973 1609 2012 Cicero
1623 1977 1660 2014 in
1678 1977 1781 2016 Ver·
1805 1977 1918 2014 R‘ligt‘0·

200 2035 278 2065 rem
294 2025 449 2082 hospitii
466 2027 692 2067 violatorem
707 2025 900 2065 inuehitur
918 2038 925 2064 :
954 2027 1062 2064 Pater
1073 2026 1204 2066 aderat
1217 2030 1341 2066 Dexio
1354 2028 1622 2068 Tindaritanus
1635 2060 1644 2074 ,
1671 2030 1778 2072 horno

203 2080 453 2137 nobiltſjimus,
472 2082 594 2136 hospes
608 2093 709 2122 tuus:
728 2088 825 2120 cuius
841 2091 880 2119 tu
893 2080 990 2120 domi
998 2080 1152 2131 fueras,
1183 2097 1288 2137 quem
1311 2083 1486 2138 hospitem
1511 2087 1758 2137 appellaueras
1770 2118 1779 2133 ,

202 2151 282 2177 eum
293 2152 371 2178 cum
384 2140 446 2178 illa
462 2141 679 2178 auc‘loritate
690 2139 736 2181 (φ
745 2137 887 2192 miseria
899 2137 1043 2177 videres
1051 2139 1246 2189 praeditum
1257 2169 1266 2184 ,
1282 2154 1367 2180 num
1381 2151 1415 2180 te
1425 2144 1499 2180 eius
1510 2142 1682 2197 lacryma»,
1694 2157 1779 2184 num

193 2193 358 2248 senelius
368 2210 378 2238 ;
389 2209 474 2234 num
491 2195 643 2249 hospitis
656 2199 711 2234 ius
720 2225 728 2240 ‚
743 2204 854 2249 atque
866 2207 992 2250 nomen
1003 2194 1026 2232 ἂ
1039 2193 1171 2249 fielere
1179 2198 1343 2250 aliquam
1355 2198 1407 2237 ad
1412 2208 1555 2250 partem
1569 2199 1781 2241 humanita-

205 2256 252 2290 tis
262 2265 431 2291 reuocare
436 2257 559 2303 potuit
571 2261 585 2291 ,ἱ
597 2248 667 2292 Sed
673 2253 766 2307 quid
773 2263 832 2304 ego
847 2249 993 2306 hospi-'ty'
1000 2254 1083 2291 iura
1096 2256 1133 2294 in
1145 2253 1215 2293 hac
1223 2258 1374 2294 immani
1387 2255 1503 2295 bellua
1521 2269 1750 2297 commemoro
1765 2272 1773 2298 :

206 2311 273 2362 qui
285 2310 447 2348 Stenium
457 2308 635 2362 absentem
646 2308 934 2364 hospitemfisum
951 2312 990 2348 in
1001 2323 1077 2348 reos
1091 2311 1273 2351 retulerit?
1285 2310 1372 2351 Caes
1373 2326 1413 2351 ar
1424 2312 1471 2351 de
1485 2312 1656 2353 Haeduis:
1675 2313 1781 2370 Qi-

205 2364 270 2404 bus
278 2364 437 2417 praediis,
451 2365 787 2421 calamitatibusque
784 2363 933 2416 sraHos
942 2395 950 2408 ,
969 2369 1034 2420 qui
1043 2367 1161 2421 &fisa
1176 2370 1339 2410 virtute,
1352 2370 1398 2411 ὼ
1411 2370 1538 2421 Populi
1553 2372 1707 2409 Romani
1719 2372 1766 2410 ho

199 2420 314 2474 spitio
324 2431 435 2476 atque
444 2425 606 2463 amicitia
615 2424 814 2476 plurimum
827 2422 913 2462 ante
923 2425 960 2462 in
970 2423 1089 2462 Gallia
1093 2421 1284 2481 potuiffent
1293 2439 1303 2468 ;
1317 2427 1452 2465 coaetos
1463 2425 1522 2476 eſse
1531 2429 1711 2479 Sequanos
1720 2428 1784 2467 ob-

200 2477 297 2533 fides
311 2478 418 2518 dare.
439 2481 482 2518 Et
504 2479 766 2520 de—Germanis
788 2479 892 2519 lib.6.
909 2481 954 2518 H
956 2478 1083 2533 ospites
1095 2481 1239 2520 violare
1238 2479 1305 2531 sas
1325 2495 1396 2521 non
1401 2493 1538 2533 putant
1551 2496 1562 2521 .·
1582 2485 1648 2535 qui
1658 2496 1730 2535 qua
1740 2483 1784 2522 de

213 2531 318 2587 causa
330 2534 380 2572 ad
391 2548 446 2574 eos
459 2547 659 2579 venerunt,
671 2537 718 2576 ab
734 2539 872 2576 iniuria
880 2536 1311 2592 prohibent,sane?osque
1321 2538 1457 2576 habent
1470 2553 1479 2582 ;
1492 2539 1537 2592 ijs
1547 2541 1705 2578 omnium
1720 2540 1782 2579 do—

217 2604 292 2631 mus
298 2599 439 2643 patent,
460 2592 653 2646 villasque
665 2596 946 2632 communicatur
960 2623 967 2632 .
985 2596 1066 2633 Imo
1079 2592 1357 2634 sacrosanstum
1371 2592 1593 2648 hospitium,
1606 2594 1783 2650 eiusquv

217 2646 351 2687 violati
362 2645 463 2688 nefas
477 2648 627 2690 indicat
637 2649 704 2689 lib.
715 2650 765 2688 de
778 2648 882 2689 bello
895 2646 1088 2703 Hispanic.
1108 2658 1151 2690 A.
1167 2650 1311 2689 Hirtius
1324 2650 1438 2690 Pansa
1455 2665 1462 2690 :
1480 2651 1611 2691 Eodem
1622 2661 1780 2704 tempore

127 2696 177 2748 D
216 2702 402 2756 transfuga
412 2708 602 2745 nunciauit
613 2720 664 2746 ex
673 2704 821 2757 oppido,
833 2707 980 2747 Iunium
992 2728 1002 2748 ‚
1031 2709 1139 2760 quiin
1151 2707 1310 2745 cuniculo
1321 2705 1447 2762 suiffi’t
1458 2730 1469 2750 ‚
1490 2708 1709 2762 iugulatione
1723 2722 1787 2761 op-

210 2759 538 2812 pidanorumfizHa
552 2791 561 2806 ‚
588 2763 743 2814 clamasse
741 2761 891 2813 facinus
892 2761 934 2817 se
947 2760 1143 2810 udandum
1154 2786 1165 2806 ,
1189 2762 1477 2817 &ftelusfecsse
1490 2794 1499 2809 ‚
1525 2778 1609 2803 nam
1622 2779 1676 2805 eos
1691 2766 1791 2805 nihil

213 2813 370 2872 meruffi
379 2845 388 2860 ,
408 2831 521 2869 quare
532 2819 596 2859 tali
605 2830 711 2870 poena
725 2816 969 2870 afficerentur,
1003 2822 1070 2872 qui
1078 2832 1132 2859 eos
1144 2820 1196 2859 ad
1201 2833 1288 2859 aras
1303 2821 1349 2864 ὼ
1356 2820 1551 2876 fhrosfiaos
1563 2823 1763 2875 recepfient
1775 2852 1785 2865 ,

214 2872 340 2928 eosque
352 2871 687 2932 hospitium-scelere
711 2873 980 2932 contaminaffe.
1002 2878 1132 2927 Quam
1161 2875 1304 2917 sacrum
1323 2878 1604 2919 &inuiolabile
1617 2880 1788 2919 voluerit

211 2929 367 2985 hospitii
386 2934 451 2974 ius,
466 2932 654 2972 indicauit
665 2932 837 2972 Aurelius
854 2935 950 2986 imp.
963 2935 1000 2971 in
1017 2947 1079 2987 ep.
1091 2934 1242 2973 militari
1255 2933 1303 2974 ad
1320 2935 1512 2976 Vicarium
1531 2932 1645 2979 suum,
1660 2936 1723 2975 vbi
1736 2935 1789 2976 le-

212 3001 278 3042 ges
292 2987 453 3041 militum
471 2989 667 3028 decernit:
680 2991 722 3028 ln
736 2986 900 3042 h‘st'itffs
912 2987 1006 3028 cast?
1020 2989 1063 3044 ft
1081 3000 1213 3042 agant.
1235 2994 1410 3046 ideoque
1432 2992 1611 3032 violatum
1630 2991 1786 3046 hospitii

212 3045 268 3083 ius
282 3045 437 3098 puniuit
451 3041 676 3085 seuerissime
689 3073 699 3089 ,
721 3054 761 3085 vt
773 3057 884 3086 notat
901 3045 1085 3100 Vopisus:
1109 3048 1208 3087 Solus
1231 3052 1388 3089 omnium
1412 3049 1581 3092 militem,
1607 3052 1671 3102 qui
1684 3049 1789 3088 adul-

211 3102 340 3141 terium
357 3115 434 3141 cum
447 3100 597 3156 hospitis
610 3115 737 3143 vxore
746 3100 969 3157 commiserat
982 3126 992 3145 ,
1009 3106 1061 3142 ita
1067 3106 1235 3155 panium
1255 3114 1304 3144 vt
1317 3105 1472 3145 duarum
1482 3103 1656 3144 arborum
1670 3108 1791 3157 capita

211 3155 416 3209 inflec‘leret,
430 3158 475 3201 ὠ·
491 3158 544 3198 ad
549 3158 656 3212 pedes
665 3157 792 3198 militis
805 3159 986 3211 deligaret,
1003 3160 1198 3215 eademque
1197 3160 1323 3216 fitbito
1335 3164 1535 3201 dimitteret
1544 3189 1555 3205 ,
1566 3171 1613 3200 vt
1614 3159 1735 3218 siffis
1744 3163 1789 3202 il-

211 3212 633 3271 levtrinquependerent
648 3246 656 3257 .
682 3214 890 3273 Philippus
904 3220 1017 3257 etiam
1030 3217 1118 3258 Rex
1139 3218 1407 3259 Macedonum
1422 3217 1707 3273 improbiffimo
1721 3223 1788 3261 mi-

1257 3276 1298 3314 T
1312 3285 1329 3316 t
1389 3287 1412 3315 2
1646 3275 1708 3316 liti
1719 3299 1730 3320 ι
