2206 3480
400 100 494 151 356
578 88 667 142 DE
706 86 1096 155 AFOTHEOSI
1137 84 1283 140 SIVE
1322 88 1957 149 CONSECRATIONE:

397 185 529 228 habet,
541 191 588 221 vt
597 181 807 222 contendens
815 181 957 217 intrare
968 178 1007 215 in
1016 176 1226 221 Ciminum,
1239 181 1495 230 quaeimperat,
1512 179 1559 223 (ἐν
1563 181 1679 233 floret
1692 185 1834 239 diuitijs
1847 211 1858 230 ‚
1875 189 1918 232 &x
1926 200 1994 241 po·
2025 194 2060 243 Α

396 250 560 285 tentata,
574 237 724 290 alyfque
733 232 995 286 dignitatibus;
1020 227 1238 285 priusquam
1249 236 1356 274 videt
1369 257 1381 278 ‚
1412 236 1513 289 quod
1521 237 1645 288 ficum
1664 244 1841 293 concipit,
1863 249 1994 287 videat

389 302 549 353 primum
563 292 663 346 quod
664 292 711 340 sit
720 299 805 329 ante
808 297 936 341 portas
950 286 1056 342 :fiant
1064 288 1234 340 sspulcra
1251 294 1385 345 vtique
1395 301 1483 332 ante
1493 294 1623 339 oculos,
1634 296 1687 335 ef}
1702 298 1830 338 nostra
1842 300 1993 343 humili..

396 357 483 397 tatis
493 349 620 404 schola
631 371 642 390 ‚
666 347 713 393 ά»
725 345 891 386 docemur
902 348 941 385 in
960 344 1062 399 quod
1069 345 1265 400 dfinamus
1275 348 1421 389 tandem
1432 380 1441 389 .
1459 351 1632 392 Necnon
1649 367 1847 397 monemur
1860 362 1991 400 omnifi

395 410 542 452 illorum
553 427 564 448 ‚
576 405 644 460 qui
659 401 875 456 disparibus
890 407 1143 442 monumentis
1158 413 1340 457 teguntur
1352 434 1362 450 ‚
1380 419 1512 458 parem
1525 410 1562 447 in
1575 410 1682 450 exitu
1694 409 1833 453 sortem
1845 411 1980 460 fuisse„

394 467 521 518 inquit
536 463 683 501 Seneca
698 473 708 509 ς
729 466 874 514 Aequat
883 472 1001 500 omnes
1011 461 1133 504 Cinis;
1149 461 1303 511 impares
1312 462 1511 515 nafiimur‚
1527 475 1636 515 pares
1644 472 1819 509 morimur
1830 500 1840 510 ,

452 517 682 561 Poffenthic
697 515 817 557 multa
829 514 1035 570 superaddi
1055 515 1103 555 de
1121 518 1274 562 Ritibus
1286 523 1320 557 in
1337 521 1548 560 Funeribus
1567 521 1873 567 Christianorum
1887 551 1898 571 ‚
1911 526 1978 570 sed,

397 577 448 616 de
460 575 516 619 his
528 573 612 614 satis
626 576 645 614 a
655 587 712 613 me
727 572 831 614 suere
841 572 960 614 relata
972 576 1009 614 in
1020 572 1088 613 lib.
1101 573 1151 612 de
1168 575 1370 616 Veteribus
1387 576 1687 621 Christianorum
1707 583 1863 624 Ritibus
1877 590 1938 625 c.6
1946 590 1980 627 6.

398 628 707 675 Et'eruditiffiine
719 640 908 686 praeterea
919 627 1069 684 scripsit
1082 630 1289 672 admodum
1312 633 1341 670 R
1351 633 1565 674 euerendus
1584 638 1714 678 D.Pau
1724 642 1776 679 Tus
1787 643 1982 695 Aringhus

399 691 724 744 congregationis
739 688 914 736 Oratorij
932 690 967 726 in
984 690 1129 727 recenti
1149 686 1208 728 sua
1227 689 1352 729 Roma
1375 692 1422 729 Su
1431 690 1632 732 bterranea
1646 717 1656 736 ‚
1678 709 1763 749 quae
1774 698 1903 739 adhuc
1917 699 1983 739 sub

397 747 523 804 praelo
536 746 610 786 est.
645 743 769 796 Quod
781 757 882 799 opus
895 743 1181 790 eruditionem,
1213 746 1256 789 ὃς
1278 750 1475 791 maximam
1491 750 1859 805 comprobationem
1877 756 1986 796 Chri⁴

397 804 526 851 stianae
542 802 758 856 Religionis
774 803 922 855 pariet.

536 902 653 980 De
669 894 1097 1009 Apotheofi‚
1131 905 1264 983 fiue
1289 905 1842 990 Consecratione
1866 973 1879 987 .

984 1016 1173 1126 Cap.
1223 1017 1289 1095 X
1312 1016 1374 1096 X
1391 1017 1414 1095 l
1430 1019 1477 1099 Ι.
2014 1019 2053 1070 B

149 1174 371 1214 awhoessfiw
515 1151 682 1195 Voniam
700 1148 750 1192 de
759 1150 1200 1207 Funeribus,eorumque
1212 1151 1350 1193 ritibus
1360 1152 1521 1193 maxime
1537 1152 1642 1207 apud
1656 1153 1856 1193 Romanos
1870 1152 1989 1207 pluri-

148 1217 346 1253 eonsecranm.
393 1154 496 1268 Q
532 1222 591 1248 ma
601 1207 860 1262 indagauimus
872 1223 883 1254 ;
896 1220 936 1249 vt
950 1212 1152 1249 terminum
1160 1208 1250 1250 huic
1261 1208 1365 1250 libro
1377 1223 1586 1265 ponamus,
1598 1208 1758 1251 alienum
1771 1210 1819 1250 ab
1830 1210 1982 1251 institu-

392 1278 438 1308 to
452 1264 581 1306 nostro
593 1267 645 1305 no
655 1266 727 1306 erit
741 1263 862 1307 forsan
874 1280 884 1311 3
895 1275 934 1305 vt
944 1265 1072 1321 aiiqua
1086 1268 1135 1306 de
1151 1268 1417 1308 Romanorum
1433 1265 1667 1321 Apotheosi,
1681 1266 1759 1307 fiue
1773 1264 1991 1309 Consecra-

397 1328 509 1365 tione
521 1325 633 1363 etiam
646 1321 842 1364 dicamus:
863 1325 969 1363 cuius
980 1337 1062 1364 mos
1082 1326 1101 1366 a
1123 1321 1272 1366 Caesare
1286 1324 1383 1378 Aug.
1398 1323 1782 1376 primuminstitutus›
1805 1323 1950 1365 deinde
1967 1327 1989 1366 a

397 1380 564 1422 Tiberio
578 1378 830 1420 instauratus:
852 1380 1001 1435 quique
1016 1389 1126 1421 erant
1138 1394 1188 1422 eo
1198 1379 1351 1421 honore
1370 1380 1515 1424 affestb
1538 1384 1640 1420 inter
1666 1382 1788 1420 Diuos
1807 1380 1915 1422 relati
1927 1384 1986 1422 di-

393 1438 585 1478 cebantur
596 1467 605 1476 .
623 1437 682 1476 De
697 1438 835 1491 quibus
852 1436 978 1493 aliqua
991 1435 1151 1479 referam
1161 1451 1211 1479 ex
1225 1438 1357 1477 Dione
1367 1466 1376 1482 ‚
1402 1438 1444 1478 &
1457 1435 1693 1479 Herodiano
1709 1438 1759 1478 de
1773 1436 1990 1479 Consecra-

393 1493 562 1535 tionibus
576 1492 731 1547 Augusti
749 1523 757 1537 ,
780 1495 997 1535 Pertinacis
1010 1523 1021 1539 ‚
1037 1495 1195 1538 Seueri,
1207 1494 1431 1536 &fimiiium
1448 1526 1458 1535 .

447 1550 652 1606 Postquam
665 1553 780 1605 igitur
800 1553 1018 1606 Imperator
1031 1556 1135 1593 viuus
1148 1552 1293 1592 Rostra
1320 1550 1565 1596 ascenderat,
1593 1549 1895 1605 defunstumque
1914 1555 1991 1593 Im-

391 1620 612 1663 peratorem
623 1606 863 1650 laudauerat.
880 1610 1129 1650 Senatoribus
1147 1607 1382 1650 adstantibus
1398 1610 1440 1649 &
1454 1608 1695 1665 lugentibus:
1712 1619 1794 1649 erat
1808 1609 1925 1649 ledtus
1941 1623 1991 1651 ex

389 1665 512 1705 ebore
525 1664 566 1703 &
581 1677 675 1703 auro
687 1663 809 1704 fastus
825 1694 833 1708 ‚
849 1665 1018 1720 stragulis
1031 1669 1256 1722 purpureis,
1268 1680 1441 1721 auroque
1456 1670 1624 1707 intextus
1638 1679 1793 1706 ornatus
1810 1695 1819 1709 ‚
1837 1664 1986 1706 subter-

393 1735 469 1776 que
482 1719 582 1758 illum
598 1731 778 1774 tanquam
789 1725 824 1759 in
837 1719 982 1761 feretro
993 1735 1139 1775 corpus
1149 1727 1227 1764 eius
1237 1723 1391 1764 iacebat
1405 1724 1602 1765 occultum
1617 1756 1625 1764 .
1647 1727 1751 1765 Ante
1777 1727 1902 1763 omnia
1920 1737 1986 1763 ve-

393 1792 441 1819 ro
453 1776 572 1816 statua
585 1778 664 1816 eius
677 1789 789 1816 cerea
805 1775 938 1816 vestitu
953 1779 1175 1831 triumphali
1187 1778 1394 1818 videbatur
1407 1807 1416 1822 ‚
1439 1794 1562 1833 eaque
1586 1793 1634 1820 ex
1655 1780 1801 1833 palatio
1828 1778 1978 1820 fereba-

394 1848 458 1874 tur
473 1832 522 1871 ab
537 1834 610 1883 ijs,v
630 1837 744 1887 quiin
759 1831 975 1886 sequentem
993 1847 1130 1875 annum
1151 1834 1392 1889 Magistratus
1409 1834 1591 1889 designati
1609 1834 1782 1875 fuerant:
1815 1835 1982 1877 deinde)
2009 1852 2056 1902 C

392 1892 558 1930 excuria
574 1888 691 1929 altera
706 1903 840 1929 aurea:
854 1893 963 1929 tertia
977 1902 1092 1929 curru
1107 1890 1327 1945 triumphali
1340 1891 1552 1932 vehebatur
1568 1921 1576 1935 ‚
1593 1890 1895 1946 ferebanturque
1910 1891 1981 1933 sta-

391 1958 465 1987 tuae
478 1949 662 1986 maiorum
678 1945 791 2000 ipsius
806 1956 922 2001 atque
937 1948 1251 2002 propinquorum
1264 1977 1274 1992 ,
1303 1952 1369 2002 qui
1384 1961 1432 1988 ex
1448 1952 1520 1989 vita
1536 1948 1793 1992 &cessei-anm
1816 1948 1924 1989 ficuti
1942 1951 1985 1989 &

392 2006 558 2044 aliorum
570 2004 724 2044 Cinium
741 2007 1006 2048 Romanorum
1019 2034 1029 2049 ‚
1052 2009 1171 2059 quiin
1187 2004 1415 2059 Magistratn
1432 2004 1584 2046 fuissent
1598 2037 1606 2044 .
1637 2005 1815 2046 Aderant
1839 2010 1984 2048 etiam..

393 2075 525 2101 omnes
541 2062 816 2106 Prouinciae‚&
832 2065 1005 2103 nationes
1021 2064 1148 2116 pistae,
1167 2077 1252 2118 quae
1270 2064 1386 2103 autin
1398 2061 1625 2105 societatem
1639 2062 1687 2102 ab
1702 2060 1783 2116 ipso
1795 2074 1981 2117 εει-ερατ,

394 2130 461 2159 aut
473 2118 635 2158 deuistae'
646 2118 797 2159 fuerant
808 2150 816 2159 .
834 2122 890 2160 lta
902 2130 1009 2159 extra
1033 2120 1171 2160 Vrbem
1190 2122 1228 2160 in
1244 2123 1433 2171 Campum
1451 2120 1638 2160 Martium
1653 2119 1858 2159 veniebant
1874 2135 1883 2164 ;
1901 2122 1984 2159 Ro-

395 2173 555 2231 gusque,
575 2174 648 2215 siue
659 2174 844 2231 suggestus
858 2175 1012 2230 quidam
1026 2175 1154 2231 specie
1167 2177 1399 2233 quadragula
1411 2177 1594 2218 lateribus
1604 2179 1723 2229 aequis
1736 2175 1980 2231 adsurgebat‚

398 2232 498 2272 nulla
516 2245 773 2288 praeterquam
786 2233 975 2287 lignorum
1000 2236 1157 2275 materia
1174 2235 1401 2287 compastus
1421 2237 1459 2273 in
1491 2233 1749 2274 Tabernaculi
1764 2231 1957 2274 formam.)
1972 2260 1983 2276 ‚

395 2289 577 2342 impletus
591 2291 751 2330 interius
764 2292 880 2331 aridis
893 2289 1092 2332 fomitibus
1107 2319 1117 2335 ‚
1137 2304 1248 2333 extra
1272 2302 1394 2332 autem
1406 2294 1561 2331 intextis
1575 2304 1669 2331 auro
1684 2289 1850 2343 stragulis
1866 2298 1982 2342 atque

398 2346 552 2385 eboreis
568 2346 676 2399 fignis
692 2343 703 2382 ζ
717 2349 809 2388 Erat
822 2345 931 2400 supra
950 2352 1118 2392 tertium,
1143 2349 1372 2403 &quartum
1389 2347 1674 2387 tabernaculum
1691 2347 1843 2400 quidem
1856 2347 1978 2385 minu-

397 2400 540 2443 sculum
554 2401 720 2456 positum
734 2400 816 2446 ,sed
832 2403 951 2443 forma
964 2405 1006 2444 ὃ(
1020 2415 1160 2444 ornatu
1173 2403 1385 2458 persimile,
1408 2401 1736 2457 portisianuisque
1751 2403 1976 2456 patentibus

398 2458 475 2498 don
483 2472 526 2499 ec
539 2460 587 2499 ad
602 2471 813 2499 extremum
831 2462 996 2499 omnium
1014 2458 1284 2504 breuiffimum3
1300 2463 1337 2500 in
1354 2465 1460 2500 cuius
1473 2458 1615 2501 summo
1628 2460 1978 2505 currusinauratus,

399 2529 480 2571 quo
499 2525 671 2555 mortuus
687 2516 906 2570 Imperator
915 2515 1001 2556 olim
1015 2515 1229 2557 vehebatur
1243 2547 1253 2562 ,
1279 2527 1363 2557 erat
1375 2516 1592 2558 collocatus
1606 2547 1616 2558 .

454 2574 558 2624 Quae
572 2573 634 2612 vbi
648 2573 847 2613 celebrata
859 2583 980 2616 erant,
991 2572 1112 2614 facem
1128 2574 1309 2628 capiebat
1325 2576 1478 2628 Imperij
1496 2572 1688 2614 successor
1699 2603 1708 2618 ,
1720 2586 1880 2627 eamque
1897 2573 1978 2612 Ta-

399 2628 611 2670 bernaculo
624 2629 881 2674 admonebam
895 2639 974 2670 tum
989 2628 1094 2671 Coff.
1110 2633 1240 2684 primo
1253 2661 1262 2676 ,
1275 2633 1458 2672 &caeteri
1479 2630 1721 2685 Magistratus
1744 2630 1880 2670 ordine
1895 2631 1980 2683 igne

396 2685 1020 2742 {abijcit-bant,cnnstaqueiiiico
1034 2685 1244 2729 fomitibus,
1279 2685 1616 2742 odoramentisque
1636 2685 1777 2728 referta
1797 2688 1873 2742 igni
1887 2686 1980 2727 vali·
2009 2679 2058 2729 D

401 2740 456 2781 do
471 2744 811 2796 corripiebantur:
827 2757 917 2784 mox
931 2745 951 2784 a
962 2742 1140 2797 supremo
1154 2744 1434 2785 Tabernaculo
1446 2754 1627 2798 tanquam
1651 2746 1670 2784 ἐ
1693 2742 1839 2798 fastigio
1855 2739 1980 2783 subie-

399 2799 465 2839 ἃς)
481 2803 566 2854 igne
582 2801 720 2854 Aquila
734 2800 1000 2841 dimittebatur
1017 2830 1026 2844 ‚
1039 2801 1179 2853 quaein
1199 2799 1466 2855 Caelumipsam
1480 2801 1668 2851 Principis
1682 2805 1839 2841 animam
1859 2798 1987 2840 defer-

402 2870 443 2898 re
459 2855 693 2896 credebatur
705 2870 716 2897 ε
729 2869 774 2898 ac
786 2861 857 2897 iam
875 2871 922 2897 ex
935 2868 1029 2898 tunc
1042 2854 1128 2898 cum
1142 2862 1289 2898 caeteris
1305 2858 1533 2898 Numinibus
1547 2861 1764 2913 Imperator
1779 2856 1983 2898 defunetus

404 2912 611 2953 colebatur

442 2969 624 3010 Praediffl
638 2968 905 3010 Tabernaculi
918 2969 1077 3012 formam
1094 2974 1130 3011 in
1144 2970 1313 3026 plurimis
1327 2969 1622 3013 Numismatibus
1636 2970 1849 3026 expressam
1864 2968 1985 3008 habe-

400 3039 480 3066 mus
494 3041 504 3070 ;
533 3025 631 3067 ficut
642 3027 758 3066 etiam
773 3030 808 3065 in
825 3027 909 3077 alijs
924 3042 1117 3082 apparent
1129 3028 1285 3083 Aquilae
1300 3028 1502 3070 defunctos
1517 3033 1775 3085 Imperatores
1787 3030 1824 3066 in
1838 3025 1984 3067 Caelum

400 3093 623 3138 portantes3
649 3083 710 3123 seu
725 3087 837 3124 etiam
862 3083 1036 3124 Pauones
1054 3097 1227 3126 mortuas
1250 3090 1322 3128 iam
1337 3086 1523 3143 Augustas
1537 3090 1574 3127 in
1606 3086 1754 3127 Caelum
1772 3085 1887 3124 etiam
1912 3082 1987 3123 ele-

401 3150 556 3187 uantes;
572 3150 612 3182 vt
626 3154 675 3182 ex
691 3139 791 3183 infra
801 3139 1004 3183 delineatis
1017 3154 1186 3198 apparet
1201 3175 1210 3185 .
1604 3141 1606 3144 ’

1823 3256 1932 3296 Cou-
