2206 3480
291 52 386 106 DE
429 51 639 106 ARMIS
680 50 1566 115 NOBILIVMFAMILIARVM:
1663 77 1761 126 263

78 145 117 198 Α
213 145 360 185 Verum
370 154 411 184 vt
421 145 588 199 propius
605 143 654 185 ad
668 143 890 185 Gentilitias
907 143 1074 187 tesseras,
1086 142 1146 185 seu
1164 145 1213 186 ad
1225 144 1447 189 familiarum
1464 163 1583 190 armas
1600 153 1767 194 acceda-
1787 170 1793 185 τ

163 201 326 245 damus:
348 210 389 242 vt
410 215 474 243 eas
483 216 533 244 ex
545 201 959 257 vestibuspotiffimum
970 215 1156 257 acceptas
1168 202 1276 244 fuisse
1293 203 1571 260 cognoscamus
1588 241 1594 248 .
1626 209 1764 250 Philo-
1787 211 1791 216 '

164 262 353 304 stratusin
368 260 452 302 vita
461 259 652 316 Apollon.
670 262 748 300 ait:
773 259 983 302 Herculem
1007 262 1045 300 in
1059 260 1205 314 clypeo
1219 259 1391 304 habuisse
1402 262 1483 304 duo
1495 263 1581 306 haec
1594 266 1734 309 lumina
1750 291 1764 312 2

163 320 234 362 iseu
249 323 468 375 pigmenta:
500 332 639 373 nempe
655 330 808 357 aureum
824 329 940 372 atque
954 331 1193 372 purpureum
1211 332 1219 358 :
1246 317 1331 360 haec
1353 323 1450 361 enim
1463 321 1670 375 probabile
1682 338 1762 365 ma-

170 377 272 419 naffe
302 380 320 418 a
343 374 536 416 schemate
560 376 778 415 indumenti
792 378 870 413 eius
885 379 1025 427 partim
1042 374 1210 414 aureiob
1219 374 1313 416 fului
1329 377 1462 418 Leonis
1474 378 1612 433 pellem
1625 405 1637 425 ‚
1661 395 1762 436 qua..

168 434 392 491 tegebatur;
407 435 544 488 partim
558 434 768 486 purpurei;
793 428 975 483 siquidem
988 429 1113 470 fuerat
1130 431 1193 471 ille
1210 434 1394 488 Purpurae
1405 437 1609 479 inuentor.
1637 439 1762 479 Niciae

168 492 314 533 scutum
325 491 440 530 etiam
454 503 548 530 auro
560 486 737 542 fulgebat
757 501 952 542 purpura,
970 501 1016 527 ex
1030 488 1245 529 Plutarcho
1259 491 1296 530 in
1310 492 1422 533 Nicia
1434 521 1443 535 ,
1467 493 1510 534 ὃς
1523 494 1641 536 vestes
1654 495 1756 536 illius

169 563 220 590 ex
233 561 403 602 Vtroque
418 545 556 586 colore
568 554 774 586 contextas
790 543 890 584 forte
905 542 1010 584 fuiffe
1021 546 1201 593 conijcio
1219 576 1227 585 .

224 604 491 645 Alexandrum
510 606 690 644 Seuerum
708 605 804 656 Imp.
821 613 862 642 vt
878 600 994 641 refert
1005 601 1233 648 Frontinus,
1265 601 1354 642 albo
1376 606 1418 645 ὃς
1445 619 1594 648 croceo
1622 625 1757 665 panno

171 662 320 703 amiciri
337 663 374 701 in
386 661 614 715 principatu
625 657 858 700 consueuiffe
868 675 881 700 :
895 668 936 697 vt
947 657 1202 712 polliceretur
1217 659 1375 713 Populis
1389 664 1545 716 Imperij
1562 664 1595 704 se
1608 667 1753 709 benefi-

167 732 256 760 cum
271 718 388 759 instar
399 717 500 758 Solis
514 719 558 758 &
569 718 710 757 Lunae:
729 715 830 755 vnde
845 715 982 755 milites
993 716 1223 756 Praetoriani
1235 745 1246 760 ‚
1271 718 1314 756 ὃς
1325 717 1544 772 Legionarij
1562 723 1609 760 ad
1622 726 1753 775 praelia

170 786 362 817 exeuntes
381 773 474 815 iuffu
495 774 590 815 illius
605 787 653 814 ex
673 771 817 813 suomet
831 772 966 812 amictu
978 802 986 816 ,
1001 770 1285 814 transferebant
1302 775 1351 815 ad
1367 774 1471 817 scuta
1483 776 1636 818 colores
1648 779 1728 821 illos
1741 811 1753 826 ,

168 848 249 889 quo
265 837 318 872 ita
331 845 462 872 omnes
478 832 525 872 ad
541 840 803 885 argumentum
825 831 1015 883 Principis
1032 841 1291 872 armarentur.
1320 831 1486 874 Perinde
1507 834 1568 885 alij
1594 835 1752 883 Duces,

163 904 208 931 ac
225 890 375 930 nobiles
391 891 479 934 viri,
498 886 554 932 se,
573 885 707 928 &suos
724 885 882 929 asseclas
892 887 1113 929 eduxerunt
1127 901 1213 930 cum
1227 889 1374 944 clypeis
1387 888 1528 933 fucatis
1540 891 1675 934 colore
1688 909 1753 935 ve-

165 948 275 988 stium
290 944 433 986 suarum
448 978 457 986 .

99 994 136 1044 B
222 1002 380 1057 Insignia
396 1005 561 1058 primum
575 1016 623 1044 ex
638 1003 801 1045 vestibus
815 1001 925 1044 fuisse
941 1001 1101 1044 suadent
1116 1001 1250 1044 multa.
1286 1003 1399 1045 Iulius
1414 1005 1540 1048 Caesar
1551 1036 1561 1051 ,
1585 1019 1625 1049 vt
1645 1006 1750 1062 ipse.)

166 1060 216 1100 de
233 1060 268 1101 se
280 1066 331 1102 ait
343 1060 513 1107 lib.7.sde
528 1060 637 1100 Bello
651 1061 794 1101 Gallie.
807 1058 909 1101 suum
926 1062 1133 1102 aduentum
1152 1064 1191 1101 in
1203 1060 1340 1115 praelio
1352 1077 1402 1104 ex
1417 1064 1553 1104 colore
1566 1064 1752 1109 vestium,

165 1121 366 1173 cognitum
381 1149 388 1157 .
413 1116 637 1160 Alexander
654 1118 819 1173 Magnus
831 1141 842 1161 ‚
869 1117 1199 1161 refertPlutarch.
1213 1122 1252 1158 in
1264 1121 1338 1160 vita
1352 1142 1364 1163 ‚
1383 1119 1616 1175 conspicuus
1630 1121 1754 1164 fiebat

152 1177 201 1215 ‘in
216 1175 357 1230 praelijs
373 1189 421 1216 ex
436 1178 541 1229 regio
553 1173 699 1216 habitu.
713 1175 955 1221 Lucullus‚ex
965 1175 1105 1216 eodem
1123 1175 1347 1220 Plutarcho,
1354 1182 1543 1233 pugnauit
1553 1191 1600 1219 ex
1615 1181 1755 1222 amictu

164 1245 371 1288 purpureo
382 1263 392 1277 ,
411 1234 452 1284 &
464 1232 629 1273 thorace
642 1231 821 1287 squameo
830 1261 839 1270 .

219 1293 319 1332 Cum
332 1293 463 1344 itaque
478 1288 634 1330 constet
647 1291 749 1329 viros
762 1289 965 1345 Principes
976 1288 1141 1332 vestibus
1156 1288 1236 1331 vsos
1251 1290 1343 1335 effe,
1358 1290 1534 1335 colorum
1546 1292 1756 1336 schemate„

161 1350 331 1402 proprio
342 1347 564 1388 exornatis:
579 1355 796 1401 potuerunt
809 1347 856 1397 ij,
870 1348 1031 1402 quando
1044 1344 1207 1402 prodire
1221 1350 1258 1388 in
1272 1350 1396 1390 aciem
1408 1350 1649 1405 cataphracti
1660 1351 1755 1394 sole·-

159 1404 277 1449 bant,
295 1403 458 1445 inficere
469 1402 631 1458 clypeos
645 1406 723 1455 eius
740 1403 878 1445 colore
890 1407 1033 1458 panni,
1059 1417 1140 1458 quo
1157 1407 1197 1444 in
1220 1416 1358 1446 ornatu
1372 1407 1585 1449 domestico
1597 1411 1753 1451 amicie—

160 1459 302 1502 bantur
314 1490 323 1505 ,
342 1471 383 1502 vt
397 1460 548 1501 nobiles
559 1459 640 1499 hoc
657 1460 777 1514 pasto
793 1459 912 1502 essent
924 1476 934 1507 3
947 1460 1027 1502 hoc
1040 1461 1119 1503 est,
1130 1472 1171 1502 vt
1187 1463 1207 1502 a
1219 1460 1290 1502 suis
1306 1463 1627 1518 agnoscerentur:
1640 1467 1751 1522 quod

160 1515 359 1559 denotasse
373 1516 553 1558 videntur
566 1518 701 1572 Lyrani
714 1516 831 1558 verba
841 1521 879 1558 in
892 1531 1020 1573 cap.2.
1031 1518 1096 1559 lib.
1111 1517 1269 1559 Numer.
1284 1520 1338 1560 ibi
1349 1535 1363 1560 .-
1390 1522 1495 1574 Signa
1503 1523 1758 1578 prop-riafimt

154 1576 194 1613 in
207 1574 373 1614 vestibus
387 1596 399 1617 2
418 1572 583 1629 &scutis
594 1602 604 1620 ‚
615 1573 745 1628 quibus
755 1574 941 1618 belhatores
954 1585 1080 1617 mutuo
1081 1575 1125 1630 st’
1134 1574 1344 1632 cognoscunt
1355 1601 1366 1623 ‚
1380 1578 1514 1634 &ficos
1524 1580 1571 1621 ab
1584 1580 1759 1636 aduersta

150 1631 220 1685 rg'js
234 1630 479 1686 distinguunt.

211 1691 350 1744 Itaque
362 1689 584 1744 peculiares
594 1691 776 1743 parmulae
789 1690 990 1733 refferariae
1004 1693 1149 1734 coloris
1159 1720 1170 1735 ‚
1187 1691 1249 1732 vel
1264 1690 1412 1733 metalli
1429 1692 1570 1735 lumine
1587 1694 1753 1738 totidem

153 1744 203 1787 ab
219 1750 326 1787 vnius
340 1751 477 1797 panni,
495 1746 647 1788 vniusue
662 1746 866 1790 schematis
877 1749 1106 1791 indumento
1121 1747 1359 1805 prodierunt
1371 1780 1379 1789 .
1406 1751 1606 1792 Bicolores
1621 1765 1752 1794 autem

81 1826 128 1877 C
150 1806 232 1857 peti
245 1814 463 1858 potuerunt
477 1817 526 1846 ex
538 1818 672 1858 panno
693 1805 848 1846 vestium
864 1805 1051 1852 bicolori,
1080 1805 1286 1862 praesertim
1307 1820 1360 1847 eae
1386 1820 1474 1862 quae
1488 1806 1571 1848 sunt
1586 1810 1756 1851 dimidiae

151 1861 261 1901 vnius
272 1890 281 1906 ‚
306 1861 349 1902 &
361 1860 528 1903 dimidiae
543 1862 693 1903 alterius
712 1863 885 1904 luminis,
919 1863 1244 1919 Qadripartitas
1259 1864 1449 1918 parmulas
1460 1868 1672 1919 gentilitias
1690 1867 1758 1907 de..

148 1917 292 1958 derunt
305 1923 453 1973 pariter
465 1919 584 1961 vestes
599 1919 872 1974 quadrifariam
887 1922 1003 1975 pistae
1016 1935 1028 1960 :
1045 1923 1086 1962 ἃ
1098 1921 1231 1962 harum
1245 1919 1437 1973 specimen
1448 1920 1546 1975 saepe
1562 1925 1599 1961 in
1615 1922 1755 1964 tabulis

147 1984 320 2016 veterum
333 1974 393 2016 seu
411 1976 576 2019 Vrbium
587 2006 597 2021 ,
617 1974 678 2017 seu
692 1978 944 2033 templorum.
971 1978 1137 2032 Virgatae
1160 1976 1344 2031 parmulae
1358 2005 1368 2021 ,
1395 1978 1443 2018 &z
1455 1975 1661 2024 lemniscis,
1687 1992 1755 2022 aut

146 2032 280 2076 testis,
298 2043 363 2073 aut
376 2032 565 2075 trisuerfis
578 2056 588 2076 a
602 2045 666 2074 aut
681 2034 852 2089 obliquis
864 2045 1031 2076 exaratae
1046 2048 1114 2078 ;ex
1129 2033 1308 2078 vestibus,
1323 2044 1388 2074 aut
1404 2037 1556 2088 virgatis
1570 2064 1579 2080 ‚
1594 2047 1657 2076 aut
1673 2036 1755 2092 seg-

145 2092 325 2131 mentatis
338 2112 349 2133 ²
361 2099 425 2130 aut
438 2089 629 2132 nexilibus
649 2089 897 2145 Synthesibus
921 2089 1075 2130 fuerunt
1089 2100 1269 2145 acceptae
1282 2120 1291 2130 .
1314 2090 1522 2132 scutulatae
1546 2095 1638 2133 item
1661 2108 1752 2148 par-

145 2144 257 2187 mulae
266 2146 465 2201 gentilitiae
477 2162 487 2191 ;
500 2146 582 2186 hoc
597 2147 652 2187 est
663 2146 813 2188 tessellis
825 2177 834 2190 ,
852 2157 917 2188 aut
929 2148 1086 2202 quadris
1098 2177 1109 2193 ,
1126 2158 1191 2188 aut
1208 2147 1330 2189 acutis
1348 2162 1358 2192 3
1383 2149 1477 2188 item
1495 2148 1681 2205 oblongis
1697 2152 1753 2193 la—

143 2203 315 2249 terculis;
329 2202 484 2244 obortae
497 2202 653 2245 fuerunt
665 2218 713 2245 ex
729 2203 895 2245 vestibus
908 2202 1128 2249 scutulatis,
1144 2205 1187 2245 ὃς
1201 2203 1392 2245 coloratis
1409 2203 1599 2247 tefferulis
1610 2238 1618 2248 .
1632 2210 1747 2260 Qua-

144 2273 229 2301 rum
242 2257 437 2314 vestigium
452 2258 627 2301 suadebit
638 2263 676 2301 in
692 2261 856 2303 vestibus
865 2260 1013 2316 priscus
1024 2265 1226 2317 virgarum,
1241 2272 1305 2302 aut
1319 2259 1547 2304 scutularum
1561 2262 1751 2318 vsuslgHas

145 2317 255 2358 certe
270 2314 490 2358 scutularias
504 2318 619 2358 vittas
630 2319 744 2359 auide
758 2332 813 2359 am
818 2317 1022 2374 plexi'sunt
1034 2320 1213 2375 obliquas
1224 2343 1235 2363 ‚
1249 2329 1314 2360 aut
1326 2317 1550 2361 transuersas
1567 2322 1750 2377 Guelphi;

148 2373 336 2414 Gibellini
352 2384 473 2415 autem
486 2376 647 2420 erestffl
659 2375 775 2417 sicuti
789 2387 946 2418 narrant
958 2380 1072 2418 etiam
1085 2375 1296 2432 scriptores
1310 2376 1483 2418 colorem
1499 2377 1624 2420 album
1639 2382 1658 2420 a
1671 2381 1752 2423 Gi-

143 2430 312 2474 bellinis;
336 2432 357 2471 a
366 2430 555 2487 Guelphis
566 2433 715 2486 nigrum
732 2435 774 2474 &
788 2433 944 2476 colores
956 2435 1105 2476 medios
1116 2434 1202 2476 steti
1208 2432 1259 2474 ffe
1273 2466 1281 2474 .

203 2487 409 2529 Hactenus
422 2487 663 2544 proposuisse
678 2487 842 2532 sufficiat
856 2505 980 2533 aream
993 2490 1139 2534 tefferae
1165 2491 1384 2547 gentilitiae,
1415 2505 1530 2546 quam
1552 2494 1750 2544 Foeciales
1773 2528 1817 2553 De
1829 2525 1905 2552 imi,
1927 2526 1998 2553 orm.

143 2557 322 2599 campum
338 2545 556 2600 appellant.
581 2546 637 2586 Vt
649 2558 775 2588 autem
789 2548 909 2588 modo
922 2551 971 2589 de
985 2552 1107 2590 Icone
1120 2548 1327 2590 referamus
1341 2577 1350 2592 ‚
1374 2562 1461 2603 quae
1487 2563 1583 2590 areae
1607 2553 1750 2606 adpin-
1774 2574 1804 2591 m
1817 2574 1845 2591 m
1857 2565 1949 2600 raserat
1961 2551 1975 2563 ⁵*

141 2602 254 2655 gitur,
267 2601 476 2656 aliquando
491 2601 704 2648 coloribus,
715 2601 775 2643 seu
791 2605 954 2646 metallis
970 2604 1171 2660 figuratum
1187 2605 1229 2645 ὃ(
1248 2604 1405 2646 familias
1422 2604 1636 2662 distinguit.
1652 2610 1751 2650 Prae-

60 2650 122 2702 D
143 2660 297 2698 mittere
314 2662 419 2700 circa
434 2663 512 2700 eius
524 2661 710 2715 originem
727 2659 857 2701 adhuc
875 2661 1081 2702 habemus:
1115 2675 1197 2702 mos
1225 2660 1334 2702 fuiffe
1358 2661 1528 2703 Heroum
1543 2693 1552 2708 ‚
1584 2665 1749 2719 pellibus

143 2713 370 2755 terribilium
380 2714 546 2758 ferarum
558 2745 569 2762 ,
590 2717 770 2758 Herculis
779 2718 983 2772 exemplo,
1013 2718 1246 2764 conuestir13
1267 2732 1391 2775 eaque
1403 2716 1531 2777 specie
1548 2721 1693 2765 hostem
1709 2726 1746 2765 in

142 2771 287 2827 praelijs
300 2782 450 2814 terrere
464 2806 472 2814 .
489 2773 686 2816 Homerus
700 2777 739 2814 in
753 2774 874 2816 Iliade
886 2776 934 2816 de
947 2778 1239 2831 Agamemnone
1254 2808 1264 2819 .

369 2830 416 2868 H
417 2843 556 2870 umeros
566 2833 783 2871 circumiecit
791 2832 886 2884 pelle
897 2831 982 2872 inde
996 2835 1123 2874 Leonis

153 2918 163 2920 ff
369 2886 544 2927 Ardentis
555 2890 676 2940 magni
685 2901 832 2930 crurum
848 2897 950 2930 tenus
963 2918 971 2928 .

128 2956 176 2986 2<-
191 2942 362 2985 Aeneid.
380 2942 430 2984 de
446 2944 652 2985 Euandro.
760 2994 765 2997 ,

364 2998 519 3052 Demfia
527 3000 575 3040 ab
590 3001 881 3055 laeuapantherae
894 3015 996 3060 terga
1005 3016 1220 3065 retorquens
1232 3042 1241 3052 ,

129 3069 200 3102 [1-
212 3057 379 3098 Aeneid.
393 3057 443 3098 de
458 3057 619 3100 Camilla
633 3087 642 3097 .

359 3117 429 3156 Pro
440 3115 576 3155 crinali
586 3129 678 3157 auro
691 3140 702 3161 >
712 3128 764 3171 pr
771 3133 791 3159 0
802 3119 913 3173 longae
921 3124 1078 3174 tegmine
1083 3123 1191 3177 pallae
1203 3139 1212 3165 :

337 3180 344 3213 ζ
361 3171 526 3226 Tagria'is.
535 3176 684 3216 exuuiae
690 3185 762 3229 per
781 3176 929 3232 dorfiem
945 3178 970 3218 ἀ
983 3182 1124 3224 vertice
1126 3181 1292 3236 pendent
1303 3211 1314 3220 .

1256 3239 1300 3280 H
1313 3239 1335 3275 k
1390 3251 1420 3281 2
1654 3244 1700 3282 Et
