2206 3480
374 133 491 177 <³290
650 113 781 165 DE
859 109 980 157 RE
1056 99 1764 154 NVMMARIA.

139 250 261 290 Appenfio
275 250 305 285 ὦ
316 260 364 277 7714·

138 300 245 321 merem
250 298 364 329 petuma

390 206 485 245 vers,
498 203 633 244 decem
648 200 759 244 millia
772 197 917 237 talenta
933 191 969 232 se
982 189 1240 246 appensurum
1254 192 1422 231 Arcario
1439 190 1557 243 regio:
1573 190 1712 243 quibus
1730 192 1884 246 liquido
1896 205 1993 234 con-

390 263 461 303 ssat
473 272 645 302 veterum
659 252 978 296 consuetudinem
991 247 1099 291 fuisse
1112 260 1190 289 non
1203 246 1320 287 solum
1332 252 1539 302 pecuniam
1553 248 1783 301 appendere
1797 277 1808 293 ,
1838 249 1902 290 sed
1920 265 1990 291 nu·

390 333 559 362 merare„¹
576 347 584 356 .

449 372 571 425 Qvod
584 369 740 425 quidem
756 365 891 422 aperte
908 361 1186 406 confirmatid‚
1208 362 1318 417 quod
1342 363 1392 403 de
1413 375 1490 403 aere
1501 364 1608 415 graui
1622 364 1888 403 Romanorum
1906 375 1986 405 tra-

392 432 578 473 diderunt
597 427 806 480 scriptores
819 453 829 468 ,
861 422 910 463 de
923 436 1002 476 quo
1023 422 1078 461 ita
1094 421 1220 461 festus
1235 420 1339 461 Pauli
1352 421 1524 460 Diaconi
1538 448 1547 458 .
1578 421 1700 458 Graue
1712 431 1753 457 ‚es
1767 419 1904 460 dmum
1918 444 1929 464 ‚
1960 420 1986 459 ἃ

384 487 545 541 Pondere
556 498 567 521 .·
579 486 666 538 quia
679 481 763 521 deni
775 476 853 537 affes
867 509 878 525 ,
878 479 1016 535 finguli
1021 477 1144 531 pondo
1156 476 1251 517 libra
1264 505 1274 521 ‚
1283 473 1483 529 efficiebant
1492 475 1683 516 denarium
1694 476 1741 516 ab
1751 475 1821 516 hoc
1830 476 1904 531 ipſs)
1917 491 1990 518 nu-

164 2215 268 2252 Siga-ati
285 2214 392 2243 matrimi

166 2265 191 2283 :n
195 2262 285 2283 uenter
292 2276 301 2285 .

392 559 488 585 mero
500 542 637 581 dmum
650 555 660 584 ;
681 537 752 593 fid
761 538 857 579 Bello
868 539 1002 577 Punico
1012 535 1165 588 Populus
1176 537 1359 574 Romanus
1372 529 1506 589 preffits
1518 547 1587 574 aere
1600 533 1716 572 alieno
1731 555 1743 577 ‚
1769 547 1822 573 ex
1831 534 1985 589 fingulis

389 597 517 656 afflbus
533 597 697 650 librarijs
708 618 719 638 ›
731 594 837 649 senos
851 592 972 646 jecit:
1003 596 1068 648 qui
1085 591 1310 631 tantumdem
1321 589 1491 630 valerent
1504 620 1513 629 .
1547 591 1763 631 Dicebatur
1796 592 1911 646 igitur
1936 605 1985 632 aes

391 671 507 713 graue
523 653 730 710 apondere
741 663 905 693 monetae
916 680 924 695 ‚
938 649 1048 705 quod
1058 647 1188 704 singuli
1208 647 1297 688 affes
1310 670 1322 691 ‚
1344 661 1507 702 quorum
1522 646 1656 686 decem
1669 645 1895 688 efficiebant
1907 648 1979 688 de.

393 710 726 758 narium‚maximi
740 708 1075 764 effentponderis,
1103 709 1212 746 vnius
1225 709 1396 745 nimirum
1419 703 1545 744 librae:
1569 718 1647 743 non
1663 714 1789 745 tamen
1809 705 1985 746 decem,

397 775 482 814 aeris
493 767 711 811 rudislibrae
734 767 932 807 denarium
955 763 1268 808 constituebant,
1300 760 1368 803 nifi
1391 762 1528 802 decem
1551 759 1642 800 affes
1667 773 1988 806 numerarentur,

398 841 561 886 quorum
577 823 853 881 fingnlilibram
865 826 947 863 aeris
963 820 1169 861 haberent„

456 883 633 928 Eamdem
647 883 850 936 pecuniam
864 909 873 925 ,
902 893 987 934 quae
1006 877 1279 919 numerabatur
1290 876 1393 932 apud
1405 887 1556 917 veteres
1567 905 1577 921 ,
1608 877 1780 919 eamdem
1794 878 1908 917 etiam
1925 890 1992 931 ap-

399 941 579 1000 pendi‚vt
594 938 685 979 nihil
704 939 740 979 in
759 953 801 978 ea
816 936 962 978 fraudis
976 938 1296 978 committeretur,
1310 938 1382 974 iam
1393 933 1567 974 vidimus:
1580 948 1711 976 verum
1724 936 1812 990 quia
1825 935 1910 975 haec
1923 947 1993 973 nu·

406 1003 567 1042 metatio
582 1020 593 1039 2
617 1008 736 1051 atque
749 993 936 1050 appensio
949 994 1028 1033 fieri
1042 990 1227 1046 potuisset
1241 991 1479 1031 metallorum
1492 990 1654 1031 frustulis
1666 1017 1679 1037 ‚
1710 1006 1797 1048 quae
1819 991 1923 1032 nullo
1939 988 1992 1031 es·

401 1058 484 1101 sent
498 1053 672 1111 percussa
685 1053 809 1108 figno‚
823 1062 1039 1107 propterea
1051 1047 1268 1091 huiusmodi
1277 1047 1430 1102 fignatae
1441 1057 1605 1089 monetae
1617 1052 1723 1090 initia
1739 1049 1907 1101 breuiter
1924 1061 1995 1089 co-

400 1113 624 1171 gnoscamus
635 1143 644 1152 .
958 1145 960 1147 .

456 1171 521 1212 Ab
535 1170 703 1210 exordio
720 1169 906 1211 Romanae
923 1168 1173 1224 Reipublicae
1189 1165 1288 1210 vsum
1304 1161 1407 1209 fuisse
1427 1169 1464 1207 in
1490 1164 1821 1220 negotiationibus
1846 1162 1995 1208 solum..

406 1230 526 1278 corijs
542 1228 665 1267 ssoum
682 1241 920 1268 nummorum
934 1229 1028 1268 loco
1043 1227 1166 1267 voluit
1181 1225 1408 1267 Alexander
1421 1224 1469 1265 ab
1481 1222 1710 1264 Alexandro
1724 1223 1949 1277 lib.4.cap.1
1961 1232 1995 1271 ς.

402 1287 444 1326 ἃ
461 1299 546 1326 cum
559 1298 608 1324 eo
624 1285 686 1335 alij
700 1299 748 1323 eo
767 1296 994 1339 argumento
1006 1284 1057 1325 vfi
1071 1313 1080 1329 ,
1101 1286 1212 1339 quod
1227 1285 1396 1323 Numam
1416 1281 1648 1335 Pompilium
1663 1284 1846 1322 Scorteos
1860 1278 2000 1320 affesin

401 1342 640 1396 congiarium
652 1342 806 1396 Populo
821 1342 980 1386 dedisse,
995 1342 1087 1382 velit
1098 1340 1294 1382 Plutarch.
1311 1344 1348 1380 in
1363 1340 1499 1382 Numan
1513 1337 1794 1393 ficutiquoque
1808 1337 1991 1378 Lacedae·

400 1404 551 1441 monios
574 1399 784 1452 al3quando
800 1400 970 1439 Scorteo
986 1397 1217 1439 Numismate
1230 1396 1311 1437 vsos
1326 1396 1444 1437 tradit
1455 1395 1633 1436 Stobaeus
1648 1393 1824 1443 serm.42.
1838 1397 2002 1434 dicens:

404 1459 563 1501 Peczaeniae
582 1455 705 1496 fludio
736 1457 956 1508 Spartanum
969 1470 1106 1496 vacare
1121 1464 1229 1507 turpe
1240 1453 1394 1499 dicitur3
1424 1455 1466 1492 N
1470 1450 1659 1506 umis'mate
1666 1461 1829 1494 ‘utuntur
1837 1450 1980 1492 Scorteo
1993 1461 2008 1490 :

403 1528 535 1556 aurum
549 1542 559 1558 ,
574 1523 760 1567 argentum
776 1543 786 1558 ,
808 1523 856 1553 vt
864 1514 968 1567 apud
975 1516 1182 1569 quempiam
1191 1510 1414 1564 deprehendi
1424 1510 1578 1562 capitale
1593 1508 1668 1550 est.
1686 1508 1870 1552 Similiter
1886 1511 2006 1550 Sene·

405 1586 451 1613 ca
468 1571 569 1619 lib.5.
589 1570 638 1610 de
650 1569 777 1611 Benef.
792 1584 877 1625 cap.
890 1584 947 1625 13,
964 1573 1115 1625 inquit:
1143 1576 1210 1610 Aes
1227 1569 1385 1609 alienum
1405 1565 1540 1606 habere
1551 1566 1690 1607 dicitur
1702 1596 1713 1613 ‚
1736 1567 2004 1620 &quiaureos

403 1628 506 1668 debet
519 1657 528 1671 ,
544 1628 591 1670 (φ
605 1632 670 1682 qui
680 1629 828 1668 Corium
841 1626 973 1679 forma
986 1627 1136 1680 publica
1148 1625 1344 1679 percussum
1356 1654 1367 1670 ,
1385 1624 1493 1677 quale
1503 1623 1605 1676 apud
1611 1623 1895 1667 Lacedaemonios
1894 1621 2003 1674 fiiit,

406 1684 507 1740 quod
516 1682 623 1738 vffim
643 1693 839 1725 numeratae
855 1688 1015 1736 pecunie
1037 1682 1203 1736 prestat.
1229 1682 1389 1736 Quibus
1412 1680 1639 1732 testimoniis
1656 1685 1765 1738 prius
1791 1694 1841 1721 ex
1866 1679 2006 1728 Corijs

404 1742 534 1782 Eoum
553 1753 725 1779 nummos
740 1740 903 1793 publico
915 1739 1018 1793 figno
1033 1739 1142 1780 cusos
1161 1737 1266 1779 suisse
1278 1738 1490 1792 probabile
1511 1739 1585 1783 est;
1608 1742 1780 1792 quamuis
1803 1737 1865 1788 alij
1880 1738 2007 1778 velint

408 1795 628 1839 vsumfuisse
643 1799 820 1851 pecuniae
833 1809 881 1837 ex
896 1797 1006 1837 distis
1018 1797 1149 1846 Corijs
1164 1794 1278 1835 solum
1290 1798 1326 1833 in
1344 1792 1535 1834 defeetum
1556 1799 1640 1834 aeris
1653 1817 1664 1837 ‚
1694 1793 1872 1849 argenti,
1901 1805 2006 1833 nott..

409 1852 516 1910 apud
528 1864 676 1893 veteres
691 1863 837 1893 tantum
848 1882 858 1897 ,
880 1852 943 1894 sed
962 1852 1097 1893 nostris
1111 1865 1270 1906 quoque
1285 1850 1530 1905 temporibus
1544 1848 1701 1892 scorteis
1716 1864 1878 1906 quoque
1897 1863 2007 1891 num-

407 1915 477 1952 mis
488 1909 678 1965 stipendia
693 1909 832 1951 milites
846 1908 1023 1950 meruisse
1037 1939 1046 1954 ,
1079 1910 1188 1964 quod
1209 1922 1334 1949 tamen
1357 1922 1435 1948 non
1459 1907 1561 1948 tollit
1572 1907 1670 1948 vsum
1687 1906 1948 1963 praecedentis
1962 1905 2009 1947 fi-

407 1981 531 2025 gnatae
546 1977 711 2007 monetae
723 1980 866 2010 aureae,
890 1978 1106 2022 argenteae,
1131 1966 1188 2006 vel
1201 1979 1334 2008 aereae:
1359 1980 1402 2006 ea
1417 1969 1559 2006 etenim
1575 1967 1808 2006 conditione
1825 1977 1873 2005 ex
1886 1965 2012 2016 coriis

2045 196 2088 248 Ἀ

409 2023 623 2067 animalium
638 2023 713 2064 cufi
727 2023 938 2079 aliquando
952 2022 1044 2064 asses
1059 2022 1185 2067 fuere,
1210 2034 1252 2064 vt
1265 2026 1289 2073 ij
1311 2021 1558 2077 postmodum
1572 2023 1739 2076 publico
1756 2021 1866 2077 figno
1885 2023 1932 2062 ad
1943 2035 2011 2063 va·
2075 2041 2077 2046 ⁴

407 2083 529 2124 lorem
544 2104 555 2125 ,
569 2080 628 2122 vel
643 2085 790 2136 argenti
805 2081 1087 2122 redderentur:
1109 2081 1152 2121 &
1166 2094 1254 2121 cum
1267 2082 1433 2135 primum
1447 2077 1626 2120 cessasset
1638 2078 1810 2122 defestus
1824 2081 1908 2120 aeris
1920 2101 1932 2123 2
1946 2076 2012 2120 vel

414 2142 564 2194 argenti
578 2137 798 2184 ,ceffauerit
808 2152 967 2194 quoque
980 2139 1140 2179 omnino
1151 2137 1279 2179 dietus
1292 2136 1372 2176 vsus
1387 2134 1655 2178 monetaecusae
1669 2151 1719 2179 ex
1729 2140 1844 2178 corio
1857 2136 1985 2177 Boum
1997 2167 2011 2178 .

470 2198 584 2239 Aeris
598 2198 715 2252 igitur
729 2198 858 2251 primo
874 2196 1007 2251 fignati
1021 2199 1217 2236 inuentum
1236 2198 1328 2236 Iano
1355 2194 1511 2247 plurimi
1531 2192 1748 2235 ascribunt.
1784 2193 2010 2235 Lactantius

412 2255 623 2296 firmianus
635 2252 741 2293 lib.1.
755 2255 806 2294 de
830 2252 918 2295 falsa
945 2254 978 2293 R
991 2253 1157 2308 eligione
1172 2266 1261 2308 cap.
1276 2267 1291 2293 1
1303 2265 1339 2304 3.
1353 2253 1478 2305 inquit
1492 2280 1503 2296 ‚
1520 2252 1629 2306 quod
1654 2250 1769 2292 senex
1781 2252 1971 2290 Saturnus
1989 2250 2014 2292 ὅ

423 2314 563 2351 iuuene
583 2313 678 2351 Ioue
693 2308 775 2351 filio
791 2311 933 2353 vietus,
963 2309 1202 2365 &spoliatus
1221 2311 1385 2365 imperio
1394 2306 1494 2365 fugit
1506 2307 1702 2363 expulsus,
1726 2309 1768 2348 δι
1782 2309 1822 2346 in
1833 2305 2011 2350 ltaliam-1

413 2370 567 2421 nauigio
579 2370 699 2407 venit,
713 2379 800 2406 cum
815 2366 972 2408 errasset
987 2366 1063 2409 diu,
1079 2367 1178 2408 ficut
1191 2365 1306 2407 refert
1323 2364 1447 2404 Ouid.
1458 2365 1495 2403 in
1513 2363 1578 2403 lib.
1595 2363 1809 2408 Fastorum„

588 2422 705 2477 Causc't
722 2421 992 2477 ratisfhperest‚
1002 2421 1187 2477 Thusc'um
1197 2431 1278 2462 rate
1286 2423 1392 2460 venit
1401 2419 1454 2461 ad
1461 2432 1602 2462 amnem

643 2486 739 2523 Ante
754 2489 947 2532 pererrato
963 2478 1120 2531 filsl'fer
1133 2479 1218 2519 orbe
1229 2481 1345 2519 Deus.

411 2539 540 2580 'Hunc
565 2546 756 2579 errantem
771 2559 784 2581 ,
805 2547 922 2592 atque
940 2540 1098 2592 inopem
1124 2539 1235 2578 lanus
1254 2538 1413 2592 excepit
1434 2560 1447 2580 ‚
1469 2536 1576 2576 cuius
1598 2538 1653 2577 rei
1684 2545 1902 2593 argumenta
1924 2534 2010 2577 sunt

423 2598 580 2638 Nummi
595 2605 745 2636 veteres
757 2592 844 2637 satis
857 2593 1103 2649 frequentes,
1128 2596 1166 2633 in
1188 2593 1329 2648 quibus
1344 2608 1429 2634 cum
1445 2593 1599 2636 dunlici
1619 2601 1749 2636 ironte
1775 2596 1890 2635 Ianus
1904 2597 1941 2634 in
1955 2593 2013 2635 al-

429 2664 513 2694 tera
531 2663 653 2752 partes
659 2653 798 2699 Nauis,
822 2652 874 2694 de
900 2652 1040 2710 quibus
1060 2650 1177 2706 aliqui
1196 2663 1318 2706 penes
1334 2665 1393 2693 me
1406 2680 1418 2699 ,
1439 2665 1604 2708 quorum
1622 2666 1736 2695 vnum
1753 2651 1823 2694 hic
1843 2650 2015 2694 delinea-

424 2722 506 2752 tum
521 2722 629 2765 appo
648 2724 686 2754 ui
699 2740 708 2751 .
992 2727 995 2730 ·

1849 3273 1951 3321 ‘Hoc
