2206 3480
6 2047 25 2073 ,αἱ

33 2234 40 2250 ί

0 2268 34 2354 ᾡς

320 90 420 141 DE
462 88 921 142 TRIVMPHIS
961 91 1566 153 ROMANORVM.
1698 115 1797 160 187

106 198 149 247 A
182 188 263 231 lista
277 187 508 229 Matthaeus:
526 187 601 241 Alff
618 187 798 226 cedebant
811 197 930 226 ramos
942 184 986 224 de
996 185 1208 232 arboribus,
1218 186 1268 231 &⁴
1280 186 1493 228 Her-nebant
1506 192 1545 229 in
1562 193 1632 230 via
1644 221 1652 230 .
1680 192 1779 233 Non

179 246 282 287 aliud
304 246 540 287 denotantes
561 245 620 286 isti
639 243 849 299 palmarum
877 242 920 281 δε
940 242 1126 284 oliuarum
1139 248 1233 285 rami
1257 244 1324 285 nifi
1339 260 1479 300 pacem
1497 248 1541 287 δε
1555 247 1769 288 misericor-

176 305 278 345 diam
294 304 382 359 post
393 300 807 345 vidioriam‚vtindicat
820 298 967 340 sanetus
978 298 1275 354 Chrysostomus
1287 301 1421 348 homil,
1437 303 1485 345 de
1500 319 1577 345 non
1598 317 1773 347 contem-

176 362 293 402 nend.
307 359 449 402 Eccles.
465 361 539 401 Dei
554 358 630 398 ibi:
660 355 982 415 Qemadmodum
1001 356 1163 396 homines
1174 373 1294 398 ramos
1312 362 1471 401 olearum
1485 361 1615 417 recisos
1637 362 1779 415 regibus

171 415 400 471 {fron-ndum
410 447 421 462 ‚
434 427 482 455 vt
491 415 692 472 sy'tmbolum
707 411 957 466 misericordiae
972 442 981 456 ,
996 412 1041 454 ὠ·
1054 412 1298 455 humanitatis
1308 446 1321 460 ,
1345 419 1420 461 &cz
1438 421 1487 459 Et
1501 419 1636 465 homil.
1661 434 1682 473 3
1692 452 1700 460 .
1711 420 1773 460 des

180 475 444 530 incomprens.
456 473 538 513 Dei
552 482 672 512 natur.
687 470 758 510 ibi:
780 467 992 509 Vthomittes
1003 482 1123 508 ramos
1149 471 1308 511 olearum
1328 486 1491 525 gerentes
1516 491 1660 517 mouere
1669 479 1777 529 Reges

178 531 436 587 consueuerant
448 559 458 575 ,
478 543 590 584 eoque
610 527 752 567 arboris
763 540 893 580 genere
908 524 1192 580 misericordiam
1207 540 1505 577 commemorant,
1532 534 1579 577 &⁴
1602 534 1775 574 humani-

181 599 311 634 tatem,
330 588 408 631 &a

233 646 389 686 Milites
401 643 601 700 sequentes
617 642 890 697 imperantium
904 653 1038 680 currus
1050 644 1190 695 partim
1204 644 1376 684 carmina
1390 650 1518 699 patria
1531 646 1664 687 salibus
1681 662 1772 700 per·-

174 705 314 745 mixtaa
329 704 372 743 &
388 700 482 745 risu,
504 698 790 757 partimlaudes
804 700 1057 755 Imperatoris
1080 699 1302 746 canebant;
1330 712 1368 742 vt
1381 705 1419 742 in
1432 702 1540 743 dieto
1566 706 1605 743 P.
1620 705 1774 754 Aemili}

169 759 391 814 triumpho;
414 760 458 801 &
474 763 585 799 nouis
600 755 773 810 Regibus
789 757 964 808 Regnum
978 779 988 798 2
1012 767 1078 796 aut
1089 756 1219 797 vrbem
1244 761 1404 813 Regiam
1423 760 1646 801 ineuntibus
1658 760 1774 802 fausta

169 816 588 873 precantes,solebant
599 813 827 859 acclamare,
842 813 1061 857 ViuatRex:
1079 812 1250 855 fimiliter
1269 816 1310 856 ὅ(
1327 819 1477 859 Iudaeos
1492 817 1629 861 solitos
1645 816 1775 860 facere

167 875 295 916 multis
309 872 495 929 exemplis
512 881 758 927 compertum
773 869 838 914 est,
854 884 885 910 1.
903 870 1000 925 Reg.
1016 884 1103 923 cap.
1125 885 1182 911 10.
1206 870 1370 922 vers.24.
1385 875 1428 915 &
1447 890 1482 927 3.
1502 878 1726 930 Reg.capit.
1739 889 1770 915 1.

171 930 333 982 ναΐας.
349 933 393 973 ὅ(
407 945 474 986 34.
485 929 609 981 Quod
618 942 714 982 ergo
729 928 870 971 Turba
884 926 1023 968 clamet
1036 925 1219 983 Hofanna
1234 930 1275 976 in
1294 930 1436 972 Christi
1448 932 1646 988 triumpho
1660 962 1670 977 ‚
1682 946 1775 988 per-

173 989 265 1030 inde
284 988 338 1031 est
349 1002 394 1031 ac
406 990 435 1031 fi
449 989 579 1034 dicat,
600 990 723 1031 Viuat
741 987 832 1027 Rex
843 1018 851 1027 .

227 1051 517 1103 imperatorem
528 1048 567 1088 in
581 1042 783 1098 triumpho
794 1043 1044 1085 intuebantur
1058 1044 1100 1084 ὃ(
1110 1043 1406 1092 admirabantur
1418 1046 1616 1104 stupentes
1635 1061 1781 1092 omnes,

170 1118 245 1147 nec
259 1107 472 1160 quicquam
484 1117 535 1145 ex
547 1102 608 1149 his
619 1131 630 1147 ‚
654 1115 740 1157 quae
758 1100 905 1142 homini
916 1101 1092 1155 optanda
1104 1099 1233 1143 forent
1242 1130 1252 1147 ,
1265 1102 1319 1143 illi
1333 1103 1462 1152 deeffe
1473 1105 1779 1149 arbitrabantur;

170 1174 213 1205 vt
229 1165 266 1203 in
280 1161 382 1203 dicia
392 1163 432 1203 P.
445 1160 600 1214 Aemilij
613 1162 711 1205 vita:
735 1159 779 1200 &
793 1173 879 1200 cum
896 1158 1135 1213 triumphans
1157 1159 1330 1201 intraffet
1347 1159 1446 1204 Iesus
1465 1161 1782 1217 Hierosolymam

170 1230 369 1262 commota
382 1219 437 1261 est
452 1215 677 1263 vniuerfitas
691 1217 845 1258 dicens:
872 1216 974 1275 Qis
987 1213 1031 1268 est
1046 1216 1108 1257 hic
1118 1225 1134 1257 ,ἒ
1158 1218 1286 1269 Populi
1298 1228 1419 1259 autem
1430 1219 1600 1261 dicebant
1613 1250 1624 1265 ,
1640 1220 1719 1259 Hic
1729 1219 1784 1262 est

174 1281 196 1320 I
198 1277 274 1335 esus
287 1276 312 1316 ἂ
332 1275 541 1320 Nazareth
552 1274 709 1324 Galilaeae
720 1303 731 1315 .

233 1333 582 1389 Triumphantium
596 1335 880 1388 Imperatorum
895 1330 1066 1374 felicitas
1087 1333 1135 1375 ad
1159 1331 1337 1375 summum
1352 1334 1571 1391 peruenisse
1586 1334 1781 1377 credeba-

165 1404 253 1437 tur,
273 1391 344 1434 nifi
361 1390 497 1446 forte(
510 1402 551 1431 vt
564 1388 682 1432 refert
697 1389 872 1438 Zoneras
897 1388 945 1429 de
964 1391 1164 1446 triumpho
1190 1394 1229 1432 P.
1248 1392 1401 1443 Aemilij
1415 1393 1436 1446 )
1461 1397 1624 1436 Daemon
1641 1392 1780 1448 aliquis

165 1448 387 1505 magnificis
402 1449 445 1494 ὃ(
458 1445 692 1503 amplissimis
703 1445 821 1489 rebus
833 1445 974 1488 sortem
985 1446 1176 1490 habuiffet
1194 1451 1450 1497 detrahendi,
1463 1465 1509 1493 ac
1524 1455 1579 1492 ita
1594 1448 1778 1495 miscendi

162 1507 366 1549 humanam
386 1507 503 1547 vitam
517 1535 527 1550 .
539 1514 581 1546 vt
595 1503 780 1546 malorum
794 1508 963 1545 omnium
977 1506 1085 1546 nullo
1098 1506 1217 1556 modo
1227 1506 1324 1555 esset
1336 1501 1478 1563 expers
1500 1523 1509 1549 :
1537 1510 1680 1549 etenim
1696 1507 1780 1549 duo

158 1564 253 1615 filij,
270 1577 372 1619 quos
384 1565 424 1609 P.
439 1562 629 1604 Aemilius
648 1561 847 1605 habebat,
877 1562 917 1603 in
939 1561 1072 1613 ijsdem
1087 1566 1275 1619 triumphi
1287 1565 1430 1606 diebus
1443 1566 1605 1606 obiere:
1634 1575 1675 1606 at
1691 1578 1780 1620 quae

155 1625 281 1665 maior
293 1623 468 1663 humanae
482 1618 723 1662 conditionis
736 1622 917 1664 varietas,
931 1617 991 1660 seu
1010 1619 1248 1666 viciffitudm
1263 1634 1301 1663 vt
1317 1621 1489 1677 ipsaemet
1506 1622 1661 1667 Turbae,
1678 1636 1771 1678 quae

150 1680 223 1722 hic
234 1683 272 1721 in
286 1677 490 1736 triumpho
505 1676 651 1719 Christi
676 1675 795 1733 paulo
808 1688 897 1718 ante
912 1675 1205 1720 substernebant
1227 1682 1410 1729 arborum
1422 1695 1548 1722 ramos
1564 1683 1602 1721 in
1619 1682 1701 1724 via»
1733 1680 1777 1720 &

149 1740 316 1795 propria
325 1736 552 1782 vestimenta
563 1732 848 1778 substrauerant
862 1759 873 1778 ‚
892 1735 1117 1778 clamabant
1135 1735 1338 1783 Hosanna,
1368 1741 1508 1794 nempe
1525 1741 1645 1782 Viuat
1659 1741 1771 1781 Rex:

150 1795 380 1838 eaedemmet
392 1794 519 1836 turbae
532 1804 701 1850 quatuor
711 1796 775 1834 vix
789 1801 936 1836 tantum
953 1794 1091 1835 diebus
1105 1795 1244 1849 elapsis
1258 1793 1479 1838 vociferant
1496 1810 1505 1837 τ
1519 1794 1624 1836 Tolle
1635 1817 1645 1837 ²
1663 1794 1772 1838 tolle,

83 1868 130 1921 C
147 1851 315 1909 crucfige
324 1865 427 1899 eum.
457 1850 579 1898 Disce
592 1850 717 1893 saeculi
734 1852 1202 1896 mores‚inconstantiam‚
1222 1852 1305 1894 fide
1321 1857 1360 1894 iu
1369 1844 1482 1904 dicijs
1501 1850 1774 1908 popularibus,

147 1910 231 1954 fide
247 1909 468 1953 fauoribus:
483 1911 525 1951 &
539 1924 673 1965 parem
685 1912 831 1950 exitum
843 1911 1032 1964 expecta.
1057 1910 1097 1951 O
1116 1923 1215 1965 quot
1228 1915 1402 1952 omnium
1417 1910 1658 1952 saeculorum,
1676 1917 1776 1962 quot

154 1969 328 2015 omnium
340 1969 514 2025 gentium
525 1970 564 2008 in
577 1967 657 2009 hoc
679 1968 875 2008 docemur
900 1966 1117 2022 exemplis?
1148 1969 1265 2008 Nulla
1289 1968 1421 2023 prope
1454 1965 1604 2007 arundo
1622 1976 1698 2004 tam
1714 1977 1781 2005 va-

153 2029 222 2078 rijs
237 2027 407 2082 agitatur
423 2028 549 2068 ventis
559 2048 572 2069 ‚
585 2038 700 2080 quam
713 2024 880 2065 hominis
893 2028 1056 2066 animas,
1072 2037 1176 2064 omni
1195 2021 1410 2064 flexibilior
1421 2022 1613 2065 arundine
1626 2035 1639 2062 .·
1649 2034 1698 2061 ex
1709 2025 1782 2062 mi..

150 2087 255 2128 nima
263 2080 395 2127 causa,
417 2097 467 2125 ex
479 2095 612 2129 amore
624 2084 778 2135 exurgit
789 2079 838 2121 ad
851 2080 965 2125 odim
988 2082 1105 2120 immo
1118 2093 1169 2121 ex
1182 2079 1288 2122 nulla
1301 2080 1415 2123 causa
1427 2081 1448 2121 ὲ
1460 2079 1644 2124 benefica
1657 2091 1771 2126 manu

150 2144 191 2184 in
205 2139 372 2185 ferrum,
392 2138 613 2196 sanguinem
628 2167 639 2184 ,
656 2140 852 2184 &necem
867 2164 875 2175 .

205 2201 256 2240 Et
269 2196 319 2243 de
330 2194 604 2243 Romanorum
616 2194 819 2250 triumphis
832 2198 944 2237 etiam
962 2195 1078 2237 refert
1094 2195 1125 2236 Z
1130 2210 1268 2239 oneras
1284 2211 1321 2240 2,
1339 2196 1518 2238 annal-ln
1533 2193 1659 2236 forum
1675 2196 1765 2239 Ro-

150 2268 305 2298 manum
317 2257 542 2310 Imperator
556 2252 708 2295 delatus
718 2281 728 2297 ‚
741 2255 781 2293 in
794 2253 939 2308 templa
959 2255 1134 2293 Deorum
1145 2282 1155 2297 ,
1168 2256 1205 2292 in
1218 2254 1462 2310 Capitolium
1475 2251 1758 2299 inuehebatur3

150 2312 292 2369 ibique
302 2310 451 2367 aliquot
461 2311 705 2362 caeremonijs
730 2310 898 2365 perastis
911 2333 923 2353 ,
948 2311 991 2351 &
1017 2312 1192 2361 donarijs
1205 2313 1348 2353 dicatis
1363 2324 1372 2351 z
1397 2308 1546 2367 vesperi
1558 2309 1663 2359 tibiis
1677 2337 1688 2353 ‚
1714 2320 1762 2349 ac

150 2369 285 2413 fistulis
294 2367 623 2416 antecedentibus
634 2367 792 2409 domum
809 2368 982 2409 redibat.
1015 2368 1101 2407 Nec
1115 2377 1204 2411 ante
1220 2373 1439 2424 Imperator
1456 2365 1667 2422 Capitolio
1678 2369 1762 2405 exi-

151 2426 239 2473 bat,
250 2440 366 2483 quam
379 2427 578 2483 Captiuos
592 2424 794 2482 triumpho
805 2425 948 2467 dustos
960 2421 1114 2470 occisos
1130 2430 1354 2468 nunciatum
1368 2423 1459 2467 effet
1475 2457 1484 2466 .
1511 2427 1568 2466 At
1583 2421 1764 2471 Christus

154 2485 350 2526 Dominus
361 2483 452 2539 post
462 2484 702 2540 triumphum
722 2481 904 2538 ingressus
926 2486 965 2523 in
985 2482 1175 2537 templum
1190 2515 1199 2529 ‚
1224 2499 1304 2525 non
1331 2484 1422 2524 inde
1446 2485 1553 2538 prius
1572 2477 1736 2538 egreffus
1750 2508 1761 2524 ‚

156 2554 272 2596 quam
283 2540 390 2587 fasto
404 2539 559 2597 flagello
572 2542 622 2583 de
630 2539 807 2583 funiculis
822 2543 984 2587 eiecerit
996 2554 1128 2584 omnes
1142 2542 1355 2588 vendentes
1378 2541 1423 2580 &
1437 2549 1608 2587 ementes
1622 2559 1633 2580 ‚
1659 2550 1768 2577 men-

158 2596 214 2638 sas
223 2601 521 2642 numulariorum
538 2599 581 2639 ὃ(
599 2596 808 2639 cathedras
824 2596 1070 2639 vendentium
1084 2596 1285 2640 columbas
1307 2599 1513 2645 euerterit;
1543 2594 1679 2649 ibique
1702 2595 1767 2633 in„

159 2657 314 2712 templo
324 2670 413 2698 cum
428 2669 570 2699 coecos
585 2656 629 2696 &
639 2653 804 2702 claudos
818 2651 994 2699 sanaffet3
1018 2653 1164 2695 deinde
1179 2656 1280 2707 abijt
1293 2653 1395 2699 foras
1408 2664 1519 2702 extra
1533 2653 1768 2694 ciuitatem..

85 2702 136 2758 D
166 2713 205 2753 in
219 2712 448 2758 Bethaniam
461 2713 619 2770 3ibique
633 2711 790 2755 manfit.

217 2770 401 2825 Denique
412 2768 462 2815 ad
476 2771 620 2817 Christi
634 2769 875 2828 praesentiam
886 2798 896 2816 ,
922 2779 962 2810 vt
976 2781 1089 2810 omne
1103 2769 1214 2824 quod
1228 2768 1335 2812 triste
1346 2798 1357 2814 ,
1381 2783 1497 2811 omne
1511 2767 1708 2809 sordidum
1721 2768 1768 2809 fit

159 2825 409 2868 auferendum
422 2849 433 2870 5
446 2830 565 2884 Regis
578 2827 815 2884 prodeuntis
831 2826 1014 2881 exemplo
1025 2856 1034 2871 ‚
1050 2827 1102 2869 fic
1118 2829 1307 2874 monebat
1317 2824 1465 2868 sanetus
1480 2827 1617 2867 Petrus
1630 2825 1762 2878 Chry-

157 2881 313 2939 sologus
327 2882 435 2928 serm.
449 2897 541 2935 149.
553 2885 625 2926 ibi:
658 2886 758 2926 Sicut
766 2884 982 2941 procedente
994 2887 1087 2938 Rege
1102 2915 1112 2930 ‚
1138 2885 1185 2929 ὼ
1194 2886 1326 2938 plateae
1336 2885 1535 2925 mundatur
1550 2913 1560 2928 ‚
1584 2883 1630 2925 ἐφ
1648 2894 1762 2922 omms

155 2943 285 2983 ciuitas
293 2941 442 2996 diuersis
441 2938 610 2992 floribus
621 2965 634 2985 ²
648 2939 894 2986 &ornatibus
903 2952 1119 2986 coronatum
1136 2952 1193 2989 3vt
1200 2943 1299 2982 nihil
1303 2943 1359 2996 stt
1371 2942 1471 2996 quod
1478 2943 1595 2980 minus
1611 2938 1759 2989 clzgmcm

153 2999 395 3053 vultuiRegis
406 3007 585 3051 appareat
597 3012 607 3038 ε
628 3000 683 3038 ita
697 2998 744 3043 &⁴
755 3011 851 3039 nunc
856 2999 1072 3050 procedente
1082 2994 1220 3052 ch'rsso
1231 3012 1311 3052 rege
1311 2997 1360 3051 fh
1368 3003 1412 3040 cis
1426 3011 1528 3039 omne
1541 3019 1551 3039 ‚
1567 2995 1669 3055 quod
1685 2997 1754 3035 tm).

150 3052 210 3105 ste
221 3056 278 3095 est
290 3054 485 3109 atfiratur
497 3055 516 3095 ἒ
526 3054 643 3095 medio
652 3086 661 3095 .

210 3111 307 3153 Haec
323 3114 455 3156 dixivt
470 3110 769 3167 cognoscamus,
791 3110 989 3154 Christum
1009 3116 1049 3153 in
1076 3116 1191 3156 terris
1211 3128 1299 3155 cum
1325 3112 1462 3155 ritibus
1489 3109 1648 3154 aliarum
1664 3122 1757 3160 gen·

150 3167 245 3209 tium
258 3167 293 3210 se
307 3169 583 3214 conformasse,
614 3171 657 3210 ὃς
670 3170 888 3211 ludaeorum
907 3169 1102 3225 potiffime
1117 3201 1128 3217 ,
1157 3186 1257 3226 quos
1272 3173 1344 3211 iam
1357 3183 1431 3224 per
1443 3168 1632 3222 Magnum
1649 3167 1764 3206 Pom-

149 3227 281 3279 peium
291 3225 508 3271 debellatos
523 3232 631 3271 iuxta
648 3230 750 3268 ritus
769 3226 922 3284 &leges
940 3231 1175 3274 Romanorsi
1189 3233 1303 3273 etiam
1316 3223 1449 3268 vixisse
1465 3223 1761 3323 probabgejst.

1657 3294 1677 3319 e
