2206 3480
333 136 453 189 SVB
480 133 804 189 ROMANO
829 131 1124 193 IMPERIO
1149 132 1344 185 FELIX
1371 129 1565 183 VITA.
1655 151 1671 184 1
1697 149 1756 193 59

84 234 123 288 A
157 231 242 272 licae
250 227 465 284 Religionis
479 229 664 273 vnitatem
675 251 686 271 2
703 227 751 269 ad
765 226 1013 271 subditorum
1025 227 1196 268 omnium
1209 225 1310 269 vsum
1321 256 1331 271 ‚
1358 225 1402 275 ὃς
1415 224 1587 281 denique
1602 237 1776 269 ,contra-0

159 300 411 328 communem
426 288 649 331 Turcarum
661 284 811 327 hostem
825 288 987 327 maxime
1003 282 1256 333 necessarium
1272 284 1359 333 fore
1376 284 1590 331 arbitrarer
1602 316 1611 325 .

219 346 396 386 Alterum
409 357 459 386 ex
471 343 548 384 hac
563 343 668 389 Pace
681 343 826 383 bonum
838 340 995 383 resultat
1009 356 1058 383 ex
1072 345 1431 384 communicatione
1448 342 1649 390 hominum
1665 343 1707 382 ὃ(
1720 357 1780 384 re·
1817 340 2033 385 C0mfflm¹⁰¹¹⁴0³²¹⁰

163 416 246 445 rum
273 406 376 444 inter
396 401 455 443 se:
479 400 551 451 vijs
577 401 748 456 vndique
766 399 816 439 lil-
828 403 919 443 eris,
948 399 1496 456 commerciisquezfiquidem
1514 412 1606 448 tuto
1628 401 1778 455 Byzan·
1804 390 1982 418 '¹‘3⁰''⁰⁷“'”'

163 464 260 501 tium
276 489 287 505 ,
300 459 494 500 Persarum
509 480 521 501 ‚
535 458 577 498 &
593 458 777 498 Indorum
796 460 976 511 regiones
994 457 1131 497 videre
1147 468 1244 505 tunc
1264 458 1415 499 licebat
1429 472 1500 514 per
1511 468 1575 499 tot
1586 461 1722 506 terras,
1736 460 1779 504 ὃς

165 520 283 559 maria
299 516 439 559 oculos
453 545 462 559 ,
487 512 686 570 pedesque
703 510 868 559 ferendo
879 542 889 551 .
922 511 1057 556 Visere
1079 513 1154 555 illic
1176 515 1322 556 licebat
1333 530 1467 571 magna
1477 527 1544 556 aut
1556 515 1701 557 nobilia
1715 516 1778 560 illa

167 575 318 630 oppida
331 595 344 618 ²
358 573 482 615 clara,
509 572 552 611 ὃς
569 570 717 626 inclyta
730 575 880 627 ingenia
895 587 904 617 3
926 569 1104 612 Athenas
1118 600 1129 616 ,
1153 570 1432 622 Alexandriam
1445 596 1457 616 2
1472 573 1659 619 Rhodum
1673 589 1683 618 ;
1715 573 1775 619 di·

164 631 288 674 sertos
308 642 371 671 aut
386 628 575 685 sapientes
588 629 643 670 ibi
659 632 763 671 viros
778 644 789 675 ;
809 631 981 685 denique
995 632 1044 672 ad
1063 628 1135 671 alia
1147 640 1340 671 terrarum
1361 627 1396 670 se
1410 629 1591 677 conferre
1605 630 1779 686 discipli-

164 702 223 730 nae
233 712 245 732 ‚
269 699 335 730 aut
352 691 463 730 animi
483 685 593 728 causa
607 719 616 728 .
649 690 706 728 At
720 698 958 729 mercatores
972 686 1115 743 quibus
1129 686 1283 730 aliarum
1297 700 1418 744 opum
1429 689 1644 741 cupiditas,
1662 690 1688 738 ij
1705 702 1779 744 per

166 748 285 788 maria
296 749 425 787 omnia
440 743 668 800 nauigabant
684 774 694 791 ‚
717 746 743 793 ii
760 758 830 799 per
848 756 968 786 terras
979 745 1203 795 circuibant
1216 749 1332 788 etiam
1344 743 1488 800 absque
1502 745 1781 801 praedonum-2,

172 814 242 845 aut
257 805 471 860 piratarum
487 813 603 848 metm
614 806 749 858 itaque
763 816 823 842 res
833 801 1057 861 longinquae
1075 802 1509 857 aduehebatunignorae‘
1525 812 1637 849 antea
1653 801 1781 848 osten-

162 860 377 909 debantur,
406 861 449 902 ὃς
470 870 575 900 totus
591 862 698 901 orbis
710 874 754 901 ea
772 862 1069 907 communione,
1096 860 1205 917 quafi
1227 875 1301 903 vna
1316 862 1466 904 Ciuitas
1478 859 1603 902 fiebat
1616 892 1625 901 .
1657 861 1778 899 Artes

167 922 281 960 etiam
296 918 472 961 barbaris
487 917 640 959 traditae
652 941 664 962 ‚
689 929 754 958 aut
769 919 805 966 in
813 920 934 961 uestae
948 934 958 965 ;
983 920 1083 962 ficut
1093 922 1208 960 etiam
1222 919 1417 974 elegantia
1431 920 1473 958 ὃς
1489 917 1613 958 cultus
1631 917 1778 957 animo-

159 990 241 1016 rum
252 1006 261 1013 .
294 976 350 1016 Vt
369 976 483 1016 etiam
502 989 635 1016 omnes
661 975 799 1030 linguis
829 976 938 1018 diuisi
962 991 1034 1018 vna
1062 977 1526 1031 Romanaiungerentur‚
1559 985 1677 1028 atque
1704 988 1779 1014 ea„

158 1046 246 1073 cum
265 1034 441 1088 Imperio
456 1046 613 1088 quaque
627 1030 772 1074 versum
783 1031 818 1074 se
829 1043 1079 1089 propagaret.
1094 1033 1289 1079 Plin.l1aec
1301 1032 1445 1080 merito
1461 1031 1606 1081 attollit
1620 1035 1657 1071 in
1670 1029 1779 1072 Italia

159 1090 399 1132 dilaudanda
416 1088 607 1141 lib.2.c.5.
631 1092 798 1130 Numine
810 1093 929 1132 Deum
941 1091 1053 1140 delia
1063 1104 1156 1148 ‚quae
1170 1092 1294 1134 caelunt
1317 1089 1433 1148 ipfitm
1444 1091 1578 1139 clarius
1606 1087 1754 1141 fhceret
1768 1118 1779 1132 ‚

145 1147 280 1204 sparsit
292 1155 520 1201 congregaret
528 1149 709 1200 Imperia,
728 1149 894 1204 rituj'lque
907 1149 1082 1192 molliret,
1112 1149 1160 1193 &⁶
1182 1158 1238 1189 tot
1258 1147 1478 1200 Populorum
1488 1145 1667 1200 discordes
1686 1175 1696 1190 ‚
1709 1143 1776 1196 ft·-

155 1204 288 1260 rastque
307 1205 450 1257 linguas
468 1202 655 1260 sermonis
668 1209 878 1254 commercio
899 1205 1135 1257 ¹contraheret
1152 1207 1205 1246 ad
1217 1205 1396 1259 colloquia
1414 1233 1424 1250 ‚
1437 1203 1485 1246 ὠ·
1505 1202 1776 1242 humanitatem

155 1262 299 1303 homini
319 1263 447 1305 daret:
475 1261 710 1316 breuiterque
722 1275 803 1302 vna
822 1264 1035 1307 cunHarum
1061 1266 1226 1316 gentium
1252 1265 1292 1303 in
1315 1271 1390 1302 toto
1403 1260 1488 1301 orbe
1504 1258 1750 1314 patriafieret
1762 1290 1773 1300 .

156 1323 208 1363 Et
219 1320 321 1365 idem
338 1318 388 1365 de
400 1317 532 1360 herbis
546 1319 589 1359 δε
604 1333 644 1359 re
658 1318 809 1361 medica
827 1322 993 1375 loquens
1011 1318 1074 1369 lib.
1092 1334 1257 1376 27.cap.
1272 1334 1303 1362 Ι.
1325 1321 1477 1373 inquit;
1503 1316 1669 1359 Videmus
1695 1316 1772 1355 alia

157 1377 328 1426 aliunde,
349 1376 634 1430 vltrocitroque
649 1376 822 1426 Romana
833 1377 963 1432 saluti
988 1380 1029 1419 in
1045 1386 1122 1418 toto
1136 1377 1222 1426 orbe
1227 1380 1376 1430 porat-i,
1399 1371 1572 1427 immenfiz
1599 1375 1775 1414 Romana

150 1436 256 1488 pacis
267 1433 481 1478 maiestate,
503 1433 751 1480 nonhomines
760 1435 866 1476 modo
876 1433 1026 1488 diuersis
1035 1437 1074 1475 in
1089 1438 1198 1476 terris
1212 1432 1467 1488 gentibufqu
1489 1441 1624 1480 verum
1655 1431 1772 1469 etiam

156 1500 295 1532 montes
308 1489 356 1534 ἐφ’
366 1489 584 1535 excedentia
597 1492 637 1530 in
652 1490 763 1531 nubes
774 1492 858 1545 iuga
871 1515 883 1535 ‚
890 1491 1096 1547 partusque
1104 1489 1248 1536 eorum‘,
1262 1493 1310 1537 ὡ
1322 1489 1455 1540 herbas
1465 1500 1609 1542 quoque
1617 1488 1776 1525 inuicem

157 1547 379 1588 ostentante.
410 1549 499 1593 Nec
511 1549 633 1589 minus
645 1547 811 1589 Strabo:
837 1551 997 1588 Rotnani
1008 1549 1141 1588 multas
1161 1557 1283 1600 gentes
1294 1557 1404 1587 antea
1421 1543 1531 1597 serus
1559 1542 1604 1593 ob
1617 1552 1753 1583 montes
1766 1572 1776 1587 ‚

156 1613 224 1645 aut
245 1605 404 1649 locorum
420 1613 598 1648 naturam
622 1603 809 1658 asperam,
831 1613 899 1645 aut
922 1604 967 1644 ob
979 1602 1107 1658 frigus
1121 1605 1279 1646 aliamue
1299 1601 1463 1659 causbm‚
1485 1599 1558 1657 fitb
1573 1602 1774 1652 Imperium

155 1660 371 1716 aſsumentes
379 1691 390 1711 ‚
408 1675 471 1702 eas
480 1660 574 1716 ipfhs
585 1675 637 1702 ex
646 1661 831 1716 disiunflis
845 1691 856 1707 ,
880 1660 1204 1717 &insanabilibus
1215 1691 1225 1707 ,
1241 1674 1321 1703 vna
1333 1659 1551 1714 commercz'js
1562 1660 1773 1709 iunxerunt

156 1719 207 1763 ὠ·
219 1729 290 1771 pro
305 1718 443 1773 agresti
458 1722 567 1763 vita,
591 1719 746 1759 Ciuilem
759 1730 864 1773 agere
888 1718 1090 1761 docuerunt
1103 1752 1112 1763 .
1143 1718 1222 1763 Sed
1242 1720 1284 1761 ὃς
1303 1717 1544 1760 Claudianus
1565 1712 1771 1770 magnifice

161 1774 343 1820 extollitss

383 1837 513 1877 Huius
527 1836 694 1893 pacificis
704 1835 871 1879 debemus
887 1837 1048 1879 moribus
1061 1853 1179 1883 omnes
1194 1842 1215 1884 -ἱ

84 1906 132 1957 C
387 1893 510 1952 Qod
516 1894 636 1935 veluti
650 1896 786 1950 patriis
803 1895 1007 1950 regionibus
1018 1900 1147 1941 mitur
1160 1894 1286 1953 hqfl'zes
1303 1918 1316 1939 ν

383 1951 508 2010 Qod
521 1950 646 2005 fidem
660 1962 805 1993 mutare
816 1953 922 1998 licet3
943 1954 1046 2008 quod
1055 1966 1198 1995 cernere
1209 1953 1365 2003 Thulen
1380 1974 1393 1995 ι

380 2009 522 2064 Rursus
539 2008 587 2052 ἐφ’
604 2009 805 2050 horrendos
821 2010 1008 2064 quondam
1024 2020 1220 2061 penetrare
1232 2007 1374 2059 recqssus
1398 2038 1408 2047 .

385 2064 510 2118 „Quod
517 2065 672 2106 bibimus
685 2064 813 2119 pufflm
829 2065 1051 2114 Rhodanum
1061 2089 1073 2110 ‚
1087 2075 1258 2117 potamus
1271 2067 1447 2105 Orontem
1463 2084 1475 2105 s

385 2123 508 2178 Qod
530 2123 650 2162 cunavi
672 2123 837 2172 GENS
868 2123 992 2162 VNA
1023 2122 1220 2162 SVMVS
1239 2154 1248 2162 .

156 2178 318 2233 Qibus
334 2192 408 2220 nec
422 2182 545 2220 maior
558 2178 690 2232 potest
699 2177 773 2220 effe
783 2177 964 2233 voluptas
974 2207 985 2223 ‚
1006 2186 1072 2219 aut
1085 2177 1346 2220 commoditas
1359 2208 1370 2223 ‚
1396 2174 1538 2231 nempe
1552 2174 1676 2215 nullos
1692 2173 1771 2216 ho*

156 2240 275 2278 mines
292 2237 493 2292 benignius
510 2234 656 2285 interse
668 2239 820 2285 viuere,
841 2249 957 2291 quam
971 2239 1200 2281 Romanos:
1231 2249 1306 2277 nec
1322 2235 1435 2278 vllum
1456 2235 1606 2287 Regem
1623 2234 1773 2281 ‚Romae

158 2299 217 2337 nis
230 2308 362 2350 parem
376 2293 451 2334 effe
468 2324 478 2335 .
858 2298 863 2301 '

212 2351 343 2392 Huius
354 2349 479 2392 felicis
496 2352 584 2392 vitae
596 2348 663 2391 sub
674 2353 858 2396 Romano
871 2354 1045 2408 Imperio
1059 2350 1166 2392 haud
1180 2351 1265 2400 leue
1277 2361 1544 2407 argumentum
1559 2346 1632 2390 effe
1651 2350 1768 2390 etiam

155 2412 317 2465 poterit,
328 2407 439 2465 quod
452 2409 631 2457 Romana
643 2407 882 2464 RespubliCa
895 2413 987 2451 vitia
1001 2409 1214 2451 hostiumin
1228 2410 1392 2466 gloriam
1408 2410 1601 2449 exercitus
1614 2405 1667 2447 sui
1684 2420 1770 2446 ver-

157 2470 250 2508 terit
265 2481 274 2507 :
301 2480 347 2508 ac
357 2469 472 2514 etiam
482 2467 672 2522 politICos
684 2467 772 2509 olim
787 2468 958 2509 omnium
971 2468 1146 2522 gentium
1160 2467 1286 2515 mores
1298 2466 1415 2509 fuerit
1428 2464 1490 2506 illa
1501 2465 1648 2514 imitata
1660 2479 1671 2509 ;
1683 2477 1773 2504 cum

159 2522 293 2579 plures
307 2524 599 2566 nouisindustis
611 2553 622 2569 ,
640 2525 715 2566 iam
726 2534 823 2566 tunc
841 2527 1068 2566 mutauerit:
1087 2524 1216 2580 plures
1232 2539 1366 2574 eorum
1382 2521 1621 2570 difficultate
1635 2520 1769 2562 deter-

161 2583 234 2621 rita
243 2582 451 2630 abiecerit:
473 2582 606 2636 plures
618 2581 714 2621 alios
730 2581 859 2628 oblita
874 2586 1035 2623 omnino
1046 2580 1110 2623 fit:
1134 2583 1217 2623 hoc
1240 2592 1368 2623 tamen
1382 2580 1540 2622 retinuit
1556 2579 1598 2628 &
1617 2592 1764 2639 perpe-

164 2647 233 2677 tuo
243 2636 421 2686 seruauit,
449 2649 490 2680 vt
501 2648 637 2694 gentes
652 2638 824 2687 mirabile
836 2639 945 2680 dictu
961 2652 1060 2694 quos
1076 2653 1149 2680 vna
1159 2640 1224 2679 die
1236 2650 1420 2694 tanquam
1435 2634 1564 2676 hostes
1583 2635 1764 2685 debella-

165 2703 245 2739 ret,
267 2696 401 2736 eadem
415 2707 457 2744 vt
467 2699 585 2739 Ciues
597 2696 641 2737 &
652 2694 752 2738 filios
762 2698 802 2737 in
811 2693 847 2736 se
864 2697 1126 2751 arrogauerit:
1142 2699 1324 2751 quoniam
1341 2693 1544 2737 Fundator
1555 2693 1669 2742 huius
1686 2696 1767 2737 Vr-

89 2741 142 2795 D
166 2751 225 2792 bis
244 2752 431 2797 Romulus
440 2752 594 2801 foedere
608 2753 842 2797 Sabinorum
853 2754 969 2795 etiam
981 2752 1156 2794 hostibus
1170 2753 1410 2810 recipiendis
1424 2753 1555 2807 augeri
1577 2750 1678 2798 hanc
1709 2752 1767 2790 ci-

166 2813 328 2850 uitatem
340 2809 511 2856 credidit
524 2823 715 2866 oportere
730 2825 742 2856 ;
763 2813 871 2860 cuius
882 2811 1114 2854 austoritate
1124 2840 1135 2857 ,
1157 2811 1201 2852 &
1216 2811 1400 2867 exemplo
1414 2822 1611 2864 nunquam
1625 2806 1771 2851 deinde

167 2865 605 2922 estintermiffalargitio
617 2869 660 2909 ὃς
671 2870 979 2915 communicatio
993 2871 1175 2911 Ciuitatis
1190 2892 1203 2913 ‚
1227 2879 1269 2910 vt
1291 2883 1340 2912 ex
1355 2867 1534 2909 omnibus
1555 2864 1768 2920 generibus

165 2934 299 2980 gentes
311 2921 493 2970 vniuersae
506 2927 544 2967 in
559 2925 770 2966 Ciuitatem
782 2924 928 2969 fuerint
942 2940 1139 2982 receptae;
1164 2926 1264 2967 adeo
1275 2938 1317 2968 vt
1329 2929 1366 2967 in
1381 2926 1457 2967 hac
1471 2923 1582 2969 Vrbe
1599 2921 1693 2962 nihil
1707 2919 1765 2961 of-

163 2980 328 3029 fendere
340 2990 405 3028 aut
421 2978 630 3036 displicere
642 2982 779 3027 valeat,
793 2984 904 3038 quod
919 2985 1165 3038 Peregrinum
1180 2982 1289 3026 sonet
1300 2983 1360 3026 vel
1371 2983 1479 3024 oleat
1494 2979 1661 3034 ¹⁶Populo
1677 2979 1765 3019 Ro—

166 3042 366 3086 manoiam
378 3040 400 3080 a
409 3038 750 3095 primordioinopi
761 3040 896 3089 melius
907 3052 1073 3097 namque
1089 3039 1204 3089 visum
1218 3041 1272 3083 est
1297 3044 1442 3083 amicos
1457 3063 1468 3084 ‚
1496 3051 1611 3092 quam
1636 3033 1770 3077 seruos

167 3109 366 3151 quaerere:
389 3110 437 3137 ac
457 3099 574 3137 tutius
598 3099 675 3137 rati
693 3099 864 3140 Romani
882 3097 1127 3143 volentibus,
1154 3112 1269 3155 quam
1283 3099 1429 3141 coatus
1446 3099 1656 3149 imperare.
1688 3092 1768 3134 Vbi

165 3156 290 3250 gmnis
302 3157 506 3210 repentina
516 3164 634 3210 atque
647 3168 697 3202 ex
708 3154 850 3198 virtute
861 3153 1049 3198 nobilitas
1064 3170 1114 3205 ex
1127 3159 1271 3205 exteris
1282 3169 1445 3212 quoque
1466 3164 1586 3207 atque
1598 3151 1771 3198 Ciuitate

166 3248 172 3253 i
198 3214 324 3252 onatis
342 3214 354 3252 .“

218 3267 400 3313 Libertas
412 3280 602 3331 praeterea
614 3273 865 3319 animantium
885 3268 1235 3333 generissgratiffima
1253 3269 1438 3328 nusquam
1464 3266 1616 3315 similis,
1632 3275 1686 3363 gt
1711 3268 1774 3307 in.s

1665 3336 1713 3364 ac
