2206 3480
290 95 382 149 DE
423 91 851 150 VENArioNE
887 96 976 150 Er
1016 61 1603 152 AMPHITHEATRQ
1685 112 1783 165 ης

109 193 152 246 Α
178 185 315 229 uenter
325 186 510 241 disposita
522 186 723 228 ambibant
734 187 773 228 in
786 187 920 229 orbem
932 219 942 229 .
961 187 1045 228 Dio
1055 186 1404 241 lib.43.Theatrum
1419 193 1650 234 Venator-ium
1661 222 1670 237 ,
1686 194 1788 249 quod

177 246 226 289 (⁸5¹
235 243 560 297 Amphitheatrum
570 244 707 284 dicitur
715 272 725 287 ‚
739 257 792 287 ex
804 259 844 285 eo
852 244 954 300 quod
967 244 1241 300 vndiquefides
1250 246 1469 302 habeatstne
1478 250 1561 289 vlla
1564 249 1695 303 fiena.
1728 253 1784 291 At

172 302 318 343 ‘Cauca
331 301 564 342 abinteriori
576 311 686 356 parte
702 330 713 345 ,
727 315 814 355 quae
823 314 1001 342 concaua
1016 302 1056 341 <St
1071 303 1211 356 capaci
1227 304 1397 360 quodam
1423 305 1647 360 profundo;
1672 321 1779 350 com-

182 361 304 401 munis
319 360 532 399 nominatio
547 356 935 412 Amphitheatrorum
949 358 1040 398 dein
1055 358 1273 405 increbuit,
1292 361 1440 418 de'qua
1451 365 1778 419 Ammianusl.29.

177 417 281 464 alter
295 419 335 456 in
342 414 649 469 amphitheatrali
658 427 767 454 cauea
778 426 879 457 ‚cum
895 412 1091 464 adfuturus
1100 416 1309 468 §pervacuus
1320 421 1511 461 introiret.
1547 421 1691 463 Arenae
1710 437 1782 463 no-

177 479 278 517 mine
296 473 440 514 dietum
458 471 632 512 eumdem
643 470 795 516 locum,
809 473 898 525 quia
909 469 1025 511 sterni
1039 468 1169 511 solitus
1185 485 1302 514 arena
1316 475 1446 518 bibula
1471 480 1508 519 in
1524 487 1599 520 tam
1617 469 1780 520 crebra..

174 529 360 587 sanguinis
373 527 556 570 effusione
568 558 578 573 ,
590 529 768 569 Tacitus:
777 526 984 580 speflacula
991 526 1237 578 gladiatorum
1251 530 1346 571 idem
1357 532 1418 572 ille
1424 547 1540 575 annus
1551 535 1774 590 habuit,pa÷

176 590 215 630 ri
227 585 492 641 magnificentia
504 598 548 626 ac
551 586 682 638 priora
693 598 705 623 :-
705 584 778 640 sed
786 582 1054 638 flemmarum,
1077 580 1363 641 finatorumque
1374 589 1570 631 illustrium
1580 593 1703 645 plures
1707 604 1776 646 per

173 655 326 686 arenam
339 641 480 697 fiedati
496 641 607 697 sunt.
636 640 883 697 Capitolinus
893 654 908 684 ·:
927 639 1099 684 Multos,
1121 644 1189 696 qui
1200 640 1326 696 ficum
1346 646 1387 683 in
1400 659 1511 687 arena
1537 649 1746 701 pugnassent
1759 680 1771 695 ,

160 701 399 761 *se-Pratores
414 698 562 742 videre.
593 700 796 754 Principes
817 697 934 739 etiam
952 709 1078 737 arenae
1098 697 1188 740 loca
1204 697 1413 741 instrauere
1426 703 1624 745 interdum
1652 710 1773 747 minio

176 762 222 800 δι
235 755 479 813 chrysocolla
490 787 500 797 .
530 755 694 798 Plinius:
726 752 916 810 Vzfiamque
934 752 988 794 esi
1005 756 1167 795 Neronis
1186 758 1368 808 principis
1381 755 1598 812 spectaculis
1620 776 1769 804 arenam

174 818 276 858 Circi
289 812 504 871 chrysocolla
513 813 652 868 spargi,
674 811 841 866 cumipse
863 810 1040 853 concolori
1059 822 1186 864 panno
1195 816 1431 865 aurigaturus
1442 815 1536 872 effet-
1567 819 1685 858 Sueto
1693 823 1772 859 nius

175 876 228 915 de
242 874 368 914 Caio:
394 869 520 912 Edidit
533 869 580 915 ὁ·
589 868 769 926 Circenfts
775 867 1154 925 quostiampraecipuos
1163 872 1276 916 minio
1287 893 1300 917 a
1311 869 1359 916 ὠ·
1372 871 1587 929 chrysocolla
1600 873 1773 926 constrato

172 933 281 973 Circo
297 963 307 972 .

233 985 620 1042 Amphitheatranon
636 988 791 1031 multum
806 997 893 1031 ante
911 996 1089 1044 tempora
1109 968 1356 1045 Reipuhlicae
1375 987 1555 1031 cadentis
1576 991 1771 1045 primum...
1793 995 1909 1035 Qffnsso
1928 1000 2019 1027 inm„

106 1024 147 1077 B
172 1047 330 1088 inuenta
342 1073 353 1091 ‚
370 1045 507 1087 &haec
522 1046 654 1101 &ligno
667 1051 741 1093 ;ita
754 1049 880 1088 Curio
890 1045 1259 1101 Tribunusligneam
1274 1048 1415 1088 molem
1428 1047 1640 1089 extruxisse
1656 1063 1666 1093 ;
1682 1063 1768 1103 quae
1795 1045 1839 1063 '⁶³⁴
1850 1041 1861 1062 '²

170 1104 333 1146 diducta
348 1101 428 1144 duo
450 1101 599 1144 theatra
615 1106 799 1145 redderet
810 1133 820 1149 ,
836 1105 1054 1158 iterumque
1068 1103 1354 1158 amphitheatru
1370 1119 1406 1144 m
1421 1118 1532 1145 vnum
1548 1106 1745 1147 conducta
1759 1120 1771 1151 ς

169 1166 283 1218 quod
299 1159 481 1201 corruiffe
494 1159 582 1200 dein
601 1175 687 1203 cum
704 1162 907 1202 multotum
922 1160 1036 1201 clade
1047 1160 1166 1202 refert
1175 1162 1261 1203 Dio
1275 1162 1316 1202 &
1335 1162 1482 1202 Plinius
1498 1161 1562 1202 lib.
1579 1167 1645 1217 36.
1661 1177 1695 1204 e.
1706 1178 1720 1204 1
1731 1176 1765 1214 ς.

166 1221 224 1259 At
238 1215 304 1259 sub
319 1217 490 1272 Augusto
501 1216 616 1258 valde
626 1220 797 1260 increuit
809 1219 974 1273 dignitas
988 1216 1204 1258 huiusmodi
1215 1219 1462 1259 venationum
1479 1248 1489 1263 ,
1510 1219 1586 1260 fiue
1610 1233 1697 1260 cum
1718 1237 1763 1261 o-

168 1275 283 1330 pibus
297 1272 523 1329 augescente
534 1273 623 1315 luxu
634 1304 644 1319 ‚
661 1275 737 1317 fiue
750 1278 840 1330 quia
851 1272 932 1330 ipse
945 1274 1132 1330 Princeps
1150 1276 1258 1316 valde
1273 1278 1310 1315 in
1321 1275 1427 1316 hunc
1438 1276 1571 1318 ludum
1588 1291 1735 1332 pronus
1750 1309 1762 1324 ‚

164 1333 215 1373 de
231 1345 310 1387 quo
327 1330 460 1372 scribit
469 1332 633 1373 Victor:
650 1331 911 1373 Oblefiabatur
926 1334 1026 1372 omni
1038 1342 1166 1384 genere
1182 1333 1462 1387 spectaculorum
1477 1363 1485 1377 ‚
1493 1338 1673 1387 praect'pzae
1685 1335 1754 1387 fi..

163 1402 289 1430 rarum
299 1390 479 1441 incognita
489 1387 629 1442 specie,
642 1389 845 1444 &infinito
854 1401 1000 1428 numero
1013 1420 1022 1428 .
1043 1391 1092 1430 Et
1113 1387 1190 1443 ipse
1207 1390 1396 1444 Augustus
1411 1390 1629 1432 huiusmodi
1643 1407 1761 1433 vena-

163 1449 291 1487 tiones
307 1442 342 1484 se
358 1444 504 1485 dediffe
514 1443 701 1487 fateturin
716 1445 864 1501 Lapide
875 1447 1113 1500 Ancyrano:
1129 1445 1278 1503 Qibus
1294 1445 1555 1500 confeciafimt
1563 1447 1761 1489 befiiarum

161 1505 305 1542 circiter
316 1502 428 1541 trium
442 1502 596 1542 millium
618 1501 664 1545 ὠ
676 1506 892 1558 quingenta.
927 1501 1032 1542 Hinc
1055 1501 1188 1555 postea
1211 1503 1368 1557 Augusti
1392 1502 1492 1545 suasu
1518 1519 1573 1545 am
1579 1504 1759 1560 phithea-

162 1571 266 1600 trum
289 1558 310 1597 ἐ
326 1558 456 1611 lapide
468 1561 686 1600 extructum
706 1559 845 1610 Statilij
864 1560 988 1598 Tauri
999 1556 1148 1613 sumptu
1165 1589 1175 1604 ,
1195 1559 1246 1600 de
1260 1574 1340 1615 quo
1356 1562 1434 1601 Dio
1450 1560 1514 1601 lib.
1527 1563 1762 1612 51.Statilius

160 1618 309 1656 Taurus
322 1618 362 1654 in
371 1619 506 1668 Campo
515 1618 668 1657 Martio
680 1614 867 1656 theatrum
886 1614 1069 1669 quoddam
1090 1620 1325 1658 venator-ium
1337 1647 1347 1663 ,
1376 1617 1558 1670 lapideum
1574 1624 1757 1661 extruxit

146 1671 421 1729 suisimpensin
438 1672 486 1716 ό·
497 1671 698 1714 dedicauit.
722 1672 849 1728 Qod
862 1671 929 1712 sub
946 1672 1107 1713 Nerone
1119 1672 1289 1715 exustum
1303 1703 1314 1719 ,
1324 1684 1364 1714 vt
1378 1673 1494 1716 refert
1509 1675 1729 1731 Xiphilinus
1741 1692 1754 1717 .·

157 1733 279 1771 Mons
293 1730 478 1769 Palatinus
489 1729 694 1785 vniam-fiis,
705 1729 889 1770 theatrum
902 1731 1024 1770 Tauri
1034 1728 1197 1780 exustum
1209 1763 1218 1772 .
1239 1732 1358 1776 Vnde
1369 1731 1525 1773 occasio
1540 1734 1583 1773 ἃ
1599 1735 1758 1788 cupidi.

158 1800 215 1828 tas
232 1785 400 1827 struendi
416 1800 556 1827 nouum
574 1786 663 1828 data
677 1786 818 1827 deinde
837 1784 1093 1842 Vespafianm
1108 1797 1150 1828 vt
1162 1786 1279 1829 refert
1296 1789 1345 1829 de
1362 1788 1502 1830 eodem
1516 1793 1699 1831 Sueton.c
1717 1806 1752 1841 9.

82 1855 128 1906 C
153 1847 250 1884 Fecit
264 1843 577 1896 amphitheatrum
590 1843 684 1884 vrbe
693 1844 829 1888 media,
846 1845 909 1883 vti
921 1840 1106 1900 defiinaffe
1114 1855 1335 1897 compererat
1347 1845 1549 1897 Augustum
1561 1869 1570 1889 ‚
1581 1846 1753 1901 ampliffl-

154 1914 253 1942 mum
264 1932 273 1941 .
292 1899 446 1940 Ordines
457 1901 504 1944 &¹
517 1901 718 1943 exhauflos
729 1901 820 1944 cade
831 1903 944 1941 varia
952 1930 962 1946 ‚
978 1900 1024 1944 ὼ·
1035 1905 1298 1943 contaminatos
1306 1907 1426 1943 veteri
1435 1903 1648 1956 negligentia
1656 1916 1751 1955 pur-

148 1959 255 2012 gauit
265 1987 275 2002 ,
294 1955 554 2013 suppleuitque
576 1990 587 2000 .
611 1959 763 2000 struxit
794 1970 921 1999 autem
945 1956 1274 2013 amphitheatrum
1292 1957 1542 2013 Vespasianus
1567 1958 1755 2001 Consula-

155 2027 199 2056 tu
212 2013 278 2055 suo
289 2015 451 2059 ostano,
479 2026 520 2055 vt
530 2029 579 2057 ex
599 2018 762 2070 antiquo
777 2013 1016 2055 Numismate
1035 2015 1196 2054 biennio
1211 2026 1302 2055 ante
1321 2016 1482 2057 obitum,
1503 2016 1612 2067 quod
1633 2018 1747 2058 Titus

155 2071 253 2114 filius
268 2070 442 2115 absoluit,
453 2073 629 2127 vtinquit
641 2072 781 2113 Victor
799 2084 808 2110 .·
821 2072 969 2111 Biennio
973 2069 1079 2122 post,
1090 2083 1133 2125 ac
1147 2069 1364 2125 mensesfere
1375 2085 1502 2113 nouem
1514 2072 1749 2125 amphithea—

162 2131 217 2170 tri
224 2126 384 2180 persecio
397 2138 516 2180 opere,
535 2128 731 2183 lautiifflue
742 2128 765 2182 (
778 2141 918 2182 nempe
930 2125 1075 2168 Balneis
1094 2126 1267 2180 )venen0
1278 2130 1421 2183 interiit
1435 2161 1444 2170 .

213 2185 276 2225 De
289 2185 397 2225 huius
411 2178 692 2238 amphitheatri
717 2183 887 2225 miranda
907 2184 1030 2228 mole,
1050 2182 1169 2225 refert
1191 2188 1439 2231 Ammianu35
1474 2185 1755 2239 Amphitheatri
1775 2216 1887 2243 Lm.
1900 2224 1985 2246 mm

155 2242 261 2282 moles
275 2240 436 2296 solidata
446 2242 578 2293 lapidis
588 2241 781 2282 Tiburtini
794 2252 974 2294 compage,
984 2240 1036 2280 ad
1043 2243 1142 2282 cuius
1145 2241 1395 2296 summitatem
1407 2256 1495 2296 agre
1510 2244 1601 2299 visto
1611 2244 1742 2285 huma·
1856 2236 1879 2250 ⁹
1897 2250 1899 2253 ’
1996 2243 2000 2246 ’

153 2311 203 2338 na
215 2297 429 2353 conscendit.
457 2297 523 2338 De
539 2297 700 2339 eiusdem
723 2308 845 2339 autem
861 2298 1083 2352 capacitate
1101 2300 1231 2355 inquit
1253 2301 1295 2341 P.
1309 2301 1475 2344 Victor:
1504 2301 1746 2354 Amphithea-

155 2365 253 2396 trum
261 2355 363 2409 quod
373 2357 470 2407 capit
480 2354 554 2396 loca
564 2356 742 2409 olioginta
750 2354 890 2411 sep‘em
905 2354 1020 2395 miHia
1031 2386 1042 2397 .
1060 2359 1146 2397 lure
1160 2370 1253 2411 ergo
1263 2354 1368 2398 hanc
1384 2357 1525 2398 molem
1538 2358 1746 2400 admiratus

153 2410 406 2454 Cassiodorus
422 2414 460 2453 in
480 2411 558 2454 hoc
573 2412 735 2468 elogium
747 2413 899 2467 erupit:
913 2414 1000 2452 Hoc
1014 2413 1044 2450 T
1048 2416 1095 2453 iti
1100 2416 1268 2465 potentia
1272 2416 1491 2467 principalis
1502 2445 1512 2459 ,
1524 2415 1742 2456 diuitiarum

150 2467 306 2523 proflufii
317 2466 497 2519 stamine,
527 2473 696 2523 cogitauit
717 2469 906 2524 ‘edificium
922 2468 1016 2525 fieri
1024 2498 1036 2516 ‚
1058 2470 1160 2511 vnde
1184 2481 1294 2524 caput
1308 2470 1393 2511 Vrbi
1399 2486 1458 2513 um
1483 2472 1669 2525 potusset.
1703 2476 1748 2514 Et

163 2525 361 2567 Martialis
374 2557 383 2567 .

322 2585 447 2624 Omnis
456 2583 614 2638 Caeffireo
630 2584 731 2624 cedat
742 2584 846 2625 labor
859 2584 1165 2636 Amphitheatro;

379 2643 492 2681 Vnum
504 2653 580 2694 prae
593 2642 729 2681 cunetis
738 2640 850 2692 sama
866 2642 1038 2694 loquatur
1049 2653 1134 2695 opus
1149 2673 1156 2680 .

65 2685 118 2739 D
153 2699 200 2739 Et
210 2695 365 2737 deludis
378 2698 417 2738 in
432 2698 684 2739 dedicatIOne
699 2697 862 2738 eiusdem
879 2697 1171 2751 Amphitheatri
1191 2711 1263 2751 per
1286 2698 1367 2738 dies
1384 2702 1485 2755 pene
1510 2710 1665 2743 centum
1683 2716 1745 2743 re-

152 2754 228 2797 fert
247 2752 493 2808 Xiphilinus'‚
505 2756 604 2795 idem
622 2757 746 2795 Poeta
758 2754 1014 2795 venerabilem
1033 2755 1170 2796 molem
1183 2754 1354 2810 appellat
1369 2788 1377 2797 .

327 2812 370 2848 H
373 2812 405 2849 ic
414 2811 483 2850 vbi
491 2809 670 2865 conspicui
682 2811 905 2851 venerahilis
914 2811 1188 2864 Amphitheatri

378 2868 538 2918 Erigitur
549 2869 653 2908 moles
662 2898 671 2913 ,
686 2869 812 2921 stagna
823 2871 985 2909 Neronis
998 2878 1105 2908 erant
1117 2902 1125 2909 .

150 2925 271 2965 Huius
285 2922 428 2965 Caueae
440 2922 561 2964 forma
574 2939 648 2965 non
662 2925 829 2965 rotunda
844 2948 854 2968 ‚
867 2923 930 2965 sed
941 2925 1134 2979 oblonga:
1148 2931 1250 2968 ratio
1266 2929 1356 2983 quia
1374 2929 1741 2983 Amphitheatrumu,

151 2983 318 3023 iunctum
335 2978 524 3022 &fastum
538 2994 586 3022 ex
596 2981 749 3022 duobus
762 2982 920 3022 theatris
935 2984 1074 3024 reiecta
1086 2981 1206 3025 scena.
1217 2983 1470 3027 Caffioclorus
1484 3001 1493 3027 t
1506 2984 1739 3041 Ouispeciem

150 3041 223 3079 eius
234 3052 346 3079 arena
357 3037 566 3077 concludens
576 3067 585 3082 ‚
598 3047 645 3077 vt
655 3038 946 3078 concurrentibus
958 3049 1084 3091 aptum
1095 3040 1247 3081 daretur
1266 3040 1422 3095 spatium
1431 3072 1441 3088 ,
1466 3043 1513 3086 ἐφ
1533 3043 1738 3097 spectantes

148 3098 269 3134 omnia
283 3093 437 3145 facilius
450 3093 643 3135 viderent:
670 3094 755 3135 dum
774 3095 937 3149 quedam
951 3096 1109 3147 prolixa
1129 3098 1335 3138 rotunditas
1351 3099 1524 3153 vniuersa
1537 3099 1735 3151 colligeret:

148 3151 250 3190 Haec
263 3151 311 3191 de
321 3154 453 3193 Cauca
464 3184 472 3193 .
488 3154 592 3192 Area
611 3165 704 3192 vero
721 3152 763 3191 ὃ(
777 3165 874 3206 pura
890 3152 1068 3192 &libera
1079 3164 1165 3196 tota
1181 3155 1229 3194 ad
1246 3153 1390 3195 cursum
1405 3153 1566 3197 ferarum
1581 3180 1593 3200 ‚
1622 3157 1664 3197 ὃ(
1689 3159 1738 3198 ad

145 3222 331 3263 pugnam:
354 3206 418 3250 sub
433 3207 512 3265 ipsa
528 3223 620 3250 vcro
639 3214 742 3252 Area
759 3209 905 3250 cloacae
922 3208 969 3250 ad
980 3209 1225 3254 educendum
1239 3212 1440 3254 humorem
1465 3213 1569 3254 illum
1594 3213 1740 3269 stagna-

1190 3269 1229 3307 D
1244 3269 1271 3309 d
1329 3279 1356 3310 2
1584 3286 1666 3313 tum
