2206 3480
408 105 514 157 DE
553 106 794 159 VRBIS
833 106 1576 164 RESTAVRATIONE.
1702 134 1800 174 109

134 213 180 265 'A
200 207 318 251 Card.
332 207 578 247 Camerarius
592 205 775 261 templum
786 202 922 247 saudtae
935 205 1187 251 Pudentianae
1197 206 1432 255 restauranst,
1447 208 1581 266 ibique
1593 210 1801 257 collocatis

202 266 418 306 Monac-‚his
436 263 551 305 sansti
567 264 758 306 bernardi
774 262 958 317 ssarstioris
980 262 1216 320 disciplinae:
1247 279 1290 306 ac
1311 271 1424 306 etiam
1448 267 1595 312 deinde
1621 270 1662 308 P.
1682 270 1804 310 Car-d.

200 321 431 364 Ssondratus
449 322 634 376 Gregorij
652 321 941 373 Decimiquarti
966 321 1089 375 nepos
1103 321 1289 377 templum
1300 321 1436 364 sanstae
1453 325 1619 369 Caeciliae
1633 326 1806 380 Virginis

203 381 248 421 &
267 382 449 435 Martyris
462 377 931 422 restaurauit317u1nu1um
948 391 1040 418 vero
1061 378 1227 433 Virginis
1257 394 1486 422 marmorum
1512 384 1802 427 incrustationi-

203 437 277 478 bus
288 437 550 493 pellucentem
562 438 656 474 mira
666 447 830 487 operum
846 435 1039 487 elegantia
1052 435 1293 478 elaboratum
1308 466 1318 482 ,
1340 439 1544 483 luminibus
1566 440 1654 495 plus
1671 441 1739 481 Lx
1748 441 1798 481 X.

203 495 403 551 perpetuo
418 490 662 535 ardentibus,
687 490 793 545 quafi
805 492 952 532 coelum
966 490 1074 532 stellis
1088 492 1292 534 illustrauit
1309 526 1317 534 .
1640 536 1642 538 .

262 555 340 592 lam
356 548 641 597 verleemens
658 546 833 593 Ofiauus
856 548 1049 601 templum]
1069 547 1183 591 fausti
1199 550 1364 594 Caesarei
1385 551 1610 598 restaurauit
1627 584 1636 600 ,
1666 555 1801 600 Colle-
1833 568 1957 598 clemens
1976 575 2058 601 1‘111.

202 611 304 664 gium
319 611 531 651 Scotorum
542 604 738 646 fundauit:
761 606 901 650 Aulam
911 604 1253 661 clementinamjin
1272 609 1469 653 Vaticano
1494 611 1659 654 mirifica
1686 612 1803 666 opifi-

203 679 290 708 cum
305 675 384 706 arte
403 693 413 709 ,
434 663 614 719 pisturis,
641 663 684 703 ὃ(
706 676 937 704 marmorum
962 663 1301 706 incrustationibus
1324 668 1428 708 inter
1455 666 1666 721 spestanda
1684 670 1801 713 Vrbis

203 721 521 766 celeberrimam:
553 724 596 764 ln
613 720 856 762 Lateranenfi
872 720 1037 766 Bafilica
1047 719 1279 765 sanstissimae
1294 722 1557 769 Eucharistiae,
1578 725 1799 781 diuiniquoe

206 780 330 835 Regis
343 782 504 834 regiam5
519 791 564 819 ac
580 781 694 819 etiam
709 775 954 819 transuersam
969 782 1047 819 eius
1061 778 1195 837 templi
1210 790 1362 835 partem
1375 786 1561 823 colorato
1576 783 1619 822 ἃ
1630 782 1807 825 elabora·

206 846 249 877 to
264 850 454 880 marmor-e
469 834 667 891 exquisitis
683 836 848 889 pisturis
862 835 1028 877 mirifice
1041 842 1215 879 ornauit.
1276 878 1279 879 γ

264 895 401 935 Petrus
416 893 742 937 Aldobrandinus
755 893 873 934 Card.
887 895 1128 936 Camerarius
1145 892 1300 950 praefati
1316 897 1529 937 Clementis
1548 912 1695 952 nepos.
1721 898 1795 937 Hic
1832 912 2058 942 villaAldobraea-

0 952 3 982 l
206 952 244 991 in
259 950 429 993 collibus
443 948 685 995 Tusculanis,
699 948 835 1006 priscae
851 954 922 991 iam
934 955 1122 995 Romanae
1136 952 1352 994 nobilitatis
1363 952 1705 999 secessusillustres‚
1724 956 1808 997 Vil-
1830 953 1911 983 “m‘-

202 1007 274 1050 lam
286 1008 576 1063 omnium'pene
593 1008 717 1049 Orbis
736 1008 909 1052 villarum
930 1009 1120 1063 Reginam
1143 1014 1335 1051 extruxit:
1362 1011 1630 1052 vbicontinuo
1644 1022 1805 1052 vernant

141 1043 179 1092 B
204 1076 402 1120 tempora,
429 1066 611 1120 agricolae
626 1064 726 1107 illam
739 1063 979 1107 cultiffimam
993 1065 1280 1111 reddfit‚virent
1292 1072 1433 1112 omnia,
1445 1068 1583 1110 semina
1598 1079 1806 1124 erumpunt

200 1125 239 1162 in
254 1126 443 1178 germina,
468 1120 697 1163 adolescunt
712 1124 751 1163 in
767 1121 880 1164 flores
895 1152 905 1169 ‚
937 1124 978 1164 &
993 1122 1158 1165 salubres
1171 1123 1297 1165 subito
1310 1127 1573 1166 maturescunt
1588 1128 1625 1166 in
1640 1125 1797 1168 frustus.

198 1180 274 1222 Hic
287 1193 395 1235 aquae
409 1179 514 1235 quasi
530 1178 668 1220 flumen
681 1202 692 1224 ²
713 1179 944 1235 postsenum
970 1181 1229 1223 milliariorum
1244 1179 1434 1223 anfractus
1456 1197 1528 1238 per
1550 1185 1801 1239 aquaeduCtus

198 1234 266 1276 sub
279 1236 457 1278 altissimis
473 1237 671 1279 montibus
683 1235 918 1282 fabricatos,
937 1238 1133 1285 deuolutae
1152 1269 1160 1283 ‚
1178 1238 1334 1280 tandem
1351 1251 1585 1294 erumpunt:
1601 1241 1692 1281 inde
1707 1255 1807 1294 prae-

202 1296 343 1348 cipites
354 1297 574 1337 earumdem
588 1308 771 1351 aquarum
789 1294 1237 1350 catarac‘tasinspicimus
1251 1300 1287 1337 in
1300 1296 1403 1337 hanc
1419 1296 1558 1339 Villam
1573 1300 1593 1337 ἐ
1608 1298 1806 1339 montibus

199 1355 441 1396 cortinam,-
465 1365 646 1406 aquarum
662 1352 722 1392 vel
743 1353 763 1391 ἐ
787 1350 895 1393 scalis
909 1351 1179 1398 desilientiunu
1198 1353 1303 1394 velin
1317 1353 1470 1395 sublime
1494 1350 1810 1395 subsaltantiunt,

200 1407 366 1454 lusibus,
390 1408 556 1451 aduenas
580 1413 771 1453 irrorare,
793 1408 852 1449 vel
867 1409 1060 1454 obruere3
1084 1411 1286 1465 &gratum
1302 1410 1414 1455 visum
1430 1412 1637 1452 inducere:
1670 1412 1725 1452 ibi
1739 1408 1808 1451 sub

200 1465 334 1506 vmbra
346 1465 546 1521 grandium
562 1463 747 1520 syluarum
760 1479 882 1521 pace,
913 1468 955 1507 δε
976 1465 1178 1509 securitate
1201 1468 1321 1509 laetari
1345 1467 1593 1509 concessum:
1622 1470 1642 1508 ὲ
1671 1482 1809 1523 poma-

201 1525 270 1573 rijs
287 1537 419 1564 omnes
436 1522 670 1578 praegustare
685 1526 921 1577 egregiorum
934 1523 1122 1565 fruetuum
1138 1535 1283 1565 matura
1296 1539 1414 1578 poma
1431 1523 1653 1579 permissum
1672 1554 1681 1564 .
1711 1524 1808 1566 Mu-

199 1578 252 1620 sas
271 1593 357 1621 cum
381 1579 569 1633 Apolline
596 1583 787 1620 cernimus
814 1587 851 1620 in
884 1580 1078 1621 conclaue
1098 1581 1352 1636 (miraculum
1366 1588 1453 1630 artis
1475 1582 1672 1629 humanae,
1699 1584 1810 1638 aquis

201 1637 244 1677 &
259 1640 356 1678 auris
366 1634 631 1693 symphoniam
641 1633 848 1678 suauiffime
861 1635 1129 1678 modulantes:
1142 1651 1297 1679 necnon
1315 1654 1498 1695 organum
1519 1640 1804 1695 Hydraulicum

201 1693 427 1748 aquatilium
440 1692 699 1735 machinarum
717 1707 814 1749 opus
841 1692 1076 1749 supremunu
1104 1694 1276 1750 pluribus
1293 1699 1428 1752 vndiq3
1440 1695 1619 1738 fontibus
1632 1700 1809 1739 corriua-

199 1764 281 1792 tum
295 1780 304 1795 ,
330 1753 372 1792 δε
386 1756 420 1792 vi
435 1762 639 1793 ventorum
654 1764 704 1792 ex
720 1750 1129 1806 aquaprofilientium‚
1158 1753 1262 1794 nulla
1274 1754 1436 1810 magistri
1457 1768 1589 1796 manu:
1612 1765 1693 1796 tum
1720 1755 1807 1797 reli-

203 1808 398 1862 quislituis
409 1838 420 1853 ,
439 1807 633 1854 buccinis,
648 1807 885 1863 citharisque
897 1807 1135 1851 suauiffimaa
1149 1813 1349 1866 praedietis
1362 1809 1474 1853 Musis
1491 1811 1706 1854 conficitur
1719 1812 1807 1852 har-

129 1883 173 1935 C
199 1869 344 1907 monia.
376 1866 471 1907 Haec
485 1880 556 1907 nos
577 1867 914 1921 contemplantes,
933 1872 1097 1909 animum
1116 1868 1176 1909 illa
1210 1869 1380 1909 iucunde
1404 1868 1618 1909 exhilarant
1634 1899 1645 1914 ‚
1678 1871 1720 1909 δε
1744 1870 1807 1909 in.‚

200 1933 368 1964 montem
383 1921 567 1964 Parnasso
583 1921 781 1964 celsiorem
809 1921 871 1964 sua
897 1922 1078 1965 flumenta
1105 1924 1333 1970 deducunt.
1365 1929 1470 1966 Inter
1495 1937 1630 1965 caetera
1652 1935 1806 1966 autem-

195 1992 307 2021 extra
321 1979 514 2021 conclaue
525 1984 637 2021 etiam
653 1979 738 2021 fons
754 1980 957 2022 Athlantis
973 1983 1012 2021 &
1024 1982 1200 2022 Herculis
1211 2011 1221 2025 ,
1243 1987 1280 2022 in
1297 1996 1377 2036 quo
1390 1981 1506 2021 turbo
1525 1981 1691 2021 terribili
1706 1982 1797 2023 stre-

196 2041 282 2092 pitu
299 2038 337 2078 in
359 2035 516 2079 sublime
534 2036 787 2092 consurgens,
811 2036 899 2077 caeli
923 2041 1093 2077 tonitrua
1111 2040 1310 2084 imitatur:
1341 2040 1530 2092 Cyclopis
1558 2037 1643 2078 fons
1667 2049 1804 2095 atque,

195 2094 334 2139 statua,
348 2108 433 2149 quae
448 2094 673 2135 harmonica
687 2094 725 2134 vi
739 2104 944 2141 ventorum
955 2093 1079 2136 fistula
1094 2097 1267 2140 concinit
1279 2093 1455 2152 pluribus
1472 2099 1613 2142 cicutis
1632 2109 1795 2151 compa-

198 2152 279 2192 sta:
312 2154 503 2192 Centauri
514 2147 600 2191 fons
628 2152 670 2190 &
696 2149 839 2192 statua,
865 2164 950 2205 quae
963 2153 999 2196 vi
1018 2150 1122 2191 venti
1139 2150 1187 2194 ab
1200 2165 1299 2208 aqua
1313 2153 1514 2213 progeniti
1527 2151 1696 2193 buccina
1710 2168 1800 2208 per-

195 2208 358 2262 strepit;
381 2210 488 2248 cuius
507 2221 579 2262 per
592 2219 765 2262 quatuor
791 2206 962 2249 milliaria
987 2205 1130 2248 sonitus
1157 2208 1381 2251 exauditur.
1410 2211 1563 2250 Omitto
1582 2208 1806 2251 deambula-

195 2269 320 2306 tiones
336 2278 512 2304 amoenas
526 2265 722 2305 tonsilibus
731 2264 878 2305 cinstas
900 2265 1039 2319 plantis
1055 2266 1157 2306 inter
1171 2270 1292 2306 vireta
1307 2264 1491 2320 syluarum
1509 2280 1558 2306 ex
1569 2270 1674 2307 omni
1689 2266 1807 2307 arbo-

194 2336 274 2364 rum
292 2335 433 2376 genere
449 2320 642 2363 confitas:
667 2323 710 2362 &
723 2321 791 2362 alia
806 2322 922 2363 multa
941 2354 950 2362 .
982 2323 1068 2363 Hoc
1080 2337 1193 2363 vnum
1214 2322 1419 2364 indicabo:
1440 2328 1479 2365 in
1497 2326 1626 2364 medio
1646 2324 1805 2364 Horto-

193 2394 276 2421 rum
291 2378 338 2420 ad
353 2379 604 2420 remittendas
621 2378 817 2420 interdum
831 2393 880 2420 ex
897 2379 1006 2420 Vrbe
1035 2393 1142 2421 curas
1155 2410 1165 2425 ,
1191 2381 1411 2421 adiunctum
1442 2380 1633 2422 Palatium
1654 2384 1803 2436 ingenti

192 2436 294 2477 mole
311 2434 536 2479 fabricatum
553 2459 564 2479 2
590 2437 697 2478 cuius
711 2436 1083 2492 strusturainsignis,
1099 2436 1330 2492 prospestus
1348 2438 1617 2484 delectabilis,
1643 2448 1800 2478 ornatus

197 2495 240 2534 &c
256 2491 403 2548 reliqua
417 2495 544 2536 omnia
555 2494 737 2548 quolibet
753 2495 892 2536 Heroe
921 2494 1054 2550 digna;
1079 2496 1221 2536 intueri
1239 2494 1432 2541 delestat.
1465 2496 1563 2537 Inde
1580 2509 1712 2536 omnes
1729 2508 1798 2535 ex-

204 2563 374 2592 terarum
390 2555 592 2595 nationum
605 2555 769 2594 Romam
783 2552 1034 2594 aduentantes
1050 2576 1062 2596 ‚
1082 2552 1159 2600 huc
1179 2551 1411 2607 potissimum
1421 2551 1655 2599 adueniunt.

252 2608 359 2648 Pauli
371 2608 512 2661 Qinti
525 2611 562 2648 in
577 2610 804 2650 exornanda
814 2608 926 2652 Vrbe
942 2608 1137 2664 singularis
1150 2612 1302 2653 curm&
1318 2608 1440 2649 studia
1449 2607 1563 2652 fuere.
1581 2609 1736 2656 Contra
1746 2607 1802 2651 sa-

195 2662 333 2706 cellum
345 2666 481 2705 aSixto
495 2668 545 2707 V.
565 2668 607 2705 in
619 2664 776 2706 basilica
786 2665 986 2706 Liberiana
1009 2666 1227 2711 extrustum
1237 2695 1248 2710 ,
1274 2666 1434 2707 alterum
1460 2665 1541 2721 ipse
1553 2667 1690 2708 Paulus
1704 2668 1798 2708 Dei-

123 2710 171 2761 ἶ)
197 2733 299 2774 parae
317 2721 446 2767 Matri,
459 2732 567 2764 tanto
578 2720 784 2777 splendore
798 2723 840 2763 ὃ(
851 2720 1018 2776 impensa
1029 2722 1221 2763 aedificare
1236 2723 1289 2764 est
1299 2721 1501 2778 aggressus,
1523 2723 1687 2778 vtlonge
1702 2722 1795 2767 fimi-

196 2779 232 2817 le
247 2791 449 2833 numquam
465 2782 593 2819 Roma
609 2781 764 2821 viderit:
790 2781 914 2834 porro
927 2777 1106 2820 sacellum
1122 2790 1247 2820 totum
1263 2781 1420 2835 quidem
1436 2780 1701 2825 admirandum
1716 2811 1726 2827 ‚
1756 2783 1798 2822 &

197 2834 575 2889 variegatislapidum
591 2836 745 2882 crustis,
764 2837 973 2879 simulacris
986 2838 1006 2876 ἐ
1019 2838 1131 2891 pario
1143 2851 1352 2882 marmore,
1376 2839 1576 2893 pisturato
1596 2842 1797 2882 inaurato-

200 2905 276 2946 que
286 2888 573 2944 hemisphaerio,
599 2893 794 2947 praeclaris
808 2892 999 2934 artificum
1015 2895 1220 2949 operibus,
1247 2908 1333 2935 cum
1349 2894 1485 2950 priscis
1499 2892 1690 2937 Caesarum
1716 2908 1795 2933 mo-

197 2948 299 2989 libus
314 2946 591 2989 conferendum
611 2963 622 2990 .·
654 2948 718 2990 sed
734 2951 811 2991 Ara
828 2948 1036 3004 praesertim
1053 2952 1317 2993 admirationis
1327 2952 1482 2999 modum
1511 2953 1693 2995 excedit;
1719 2951 1795 2990 ibi-

198 3019 275 3060 que
287 3006 441 3060 imagini
456 3006 567 3044 Lucae
578 3006 825 3060 Euangelistae
842 3021 951 3046 manu
969 3007 1124 3061 dipistae
1137 3007 1240 3049 sedes
1256 3008 1442 3050 destinata
1454 3023 1529 3051 aere
1544 3021 1677 3061 auroq;
1699 3021 1797 3047 con-

196 3061 321 3107 seem
342 3075 496 3103 necnon
511 3075 560 3103 ex
571 3059 718 3115 iaspide
735 3064 777 3105 &
791 3062 872 3112 alijs
885 3063 1081 3118 lapidibus
1093 3065 1271 3119 pretiosis
1282 3069 1573 3106 circumornata
1588 3095 1597 3105 .
1627 3063 1693 3110 Ad
1706 3079 1794 3104 ean-

198 3118 285 3159 dem
304 3117 497 3160 basilicam
512 3116 797 3171 elegantissimas
815 3118 916 3163 aedes
943 3121 1045 3161 idem
1068 3121 1251 3167 Pontifex
1274 3127 1473 3165 excitauit,
1493 3125 1531 3161 in
1556 3120 1702 3175 quibus
1726 3135 1793 3161 no⁴

199 3173 277 3216 bile
287 3177 461 3221 Odeum,
476 3174 692 3221 sacrarium,
708 3177 751 3216 &
766 3178 978 3219 mansiones
991 3177 1210 3220 distributae
1226 3180 1438 3220 Canonicis
1457 3177 1706 3219 &ministris.
1731 3180 1795 3218 Ac

196 3236 308 3273 etiam
324 3244 412 3274 ante
423 3233 648 3276 vestibulum
660 3232 796 3289 templi
809 3233 1042 3276 Columnam
1057 3250 1103 3276 ex
1132 3240 1292 3291 antiquo
1310 3237 1422 3277 Pacis
1448 3235 1614 3276 delubro
1638 3234 1795 3276 transla-

1636 3305 1708 3332 tam
1725 3315 1735 3334 ²

1824 2639 1904 2667 Pauli
1918 2644 1947 2666 V.
