2206 3480
445 99 542 141 186
663 81 764 137 DE
806 78 1270 135 TRIVMPHIS
1309 80 1927 137 ROMANORVM:

438 202 565 242 cap-9.
581 184 705 226 fuerat
717 185 964 225 vaticinatum
978 180 1037 219 his
1054 176 1198 219 verbis:
1218 178 1361 217 Exulta
1380 178 1478 232 sacis
1496 177 1586 231 filia
1614 182 1718 224 Sion,
1741 181 1856 224 iubila
1866 180 1954 233 filia
1985 181 2045 219 Ie·
2082 192 2121 244 A

440 244 609 299 rufhlem:
632 255 707 281 ecce
718 243 807 279 Rex
819 249 900 278 tuus
908 238 1033 275 veniet
1042 233 1111 274 tibi
1140 233 1246 284 iustus
1261 235 1306 278 ὠν
1326 236 1515 275 Saluator:
1535 236 1610 290 '‘Pst’
1624 248 1769 288 pauper
1789 238 1836 280 ίαν
1847 237 2060 290 ascendens.z

442 300 687 353 fiaeperasinam
701 297 748 339 ὠ·
765 293 1028 350 fitperpullum
1040 291 1166 345 filium
1186 293 1378 346 astures&
1394 293 1562 347 loquetur
1571 306 1698 345 pacem
1708 294 1892 345 gentibu53
1912 294 1958 335 ἐφ’
1972 303 2042 343 Po-

433 352 552 397 '‘tessas
566 354 673 396 ejusd
685 355 782 392 mari
788 350 906 406 vspue
926 349 979 389 ad
988 362 1106 394 mare,
1129 348 1176 392 ὼ
1192 350 1216 388 d
1222 346 1444 402 fluminibus
1462 348 1580 404 vsque
1598 349 1757 404 adfines
1775 361 1878 390 terrae
1892 379 1900 387 .
1929 352 2039 391 Vere

442 414 556 454 iustus
571 442 579 455 ‚
599 415 665 466 qui
677 409 786 464 quod
799 408 951 450 iustitiae
960 411 1110 448 ratione
1122 405 1306 448 scelerum
1323 407 1540 448 nostrorum
1552 408 1775 448 debebatur
1787 437 1796 452 ‚
1830 409 1868 447 in
1881 406 1916 447 se
1930 404 2055 446 exso-¹

444 472 534 512 luit:
548 482 634 509 vere
644 468 837 510 Saluaton
855 467 875 506 a
893 479 974 520 quo
989 479 1066 507 vno
1081 461 1236 504 salutem
1251 463 1435 504 habemus
1447 479 1455 504 ε
1468 464 1535 505 hic
1547 464 1611 504 ille
1630 468 1845 520 quipacem
1859 463 1908 505 ab
1922 462 2057 503 israe--

445 529 481 567 le
496 524 690 566 transtulit
708 527 948 578 intergentes
960 552 970 567 ,
991 525 1137 578 quique
1151 520 1247 562 solus
1262 520 1351 562 orbi
1364 521 1606 565 dominatur,
1621 522 1807 576 cuiusque
1822 523 2052 577 Imperium„

446 583 549 624 nulla
567 582 754 623 claudunt
767 581 904 626 maria,
923 579 1027 621 nulla
1044 577 1199 621 flumina
1215 612 1223 621 .
1379 611 1381 614 Α
1754 597 1756 599 >

502 642 653 680 Laurea
675 639 844 680 redimiti
875 638 918 678 &
939 652 1053 678 aurea
1076 651 1226 679 corona
1248 640 1373 681 ornati
1394 637 1692 692 triumphabant
1716 640 1980 692 Imperatores
2009 636 2051 676 &

452 701 581 752 Reges
599 727 608 738 .
638 698 681 736 In
697 695 776 736 hoc
792 705 917 743 autem
933 695 1135 750 triumpho
1148 694 1323 737 Christus
1337 697 1426 736 Rex
1441 696 1658 736 nosternon
1671 695 1805 749 gloria*
1818 695 1859 734 δε
1880 693 2052 734 honore,

450 764 659 795 coronatus
673 776 684 797 ‚
707 752 771 793 sed
783 762 885 793 terra
900 751 1104 804 proferens
1116 751 1239 806 spinas
1253 754 1296 794 δε
1310 753 1474 793 tribulos
1488 781 1497 797 2
1518 752 1686 808 spineam
1708 765 1895 792 coronam
1927 752 2053 803 capiti

450 810 841 853 eiussubministrauit
853 824 866 848 .·
885 809 975 850 hinc
991 823 1060 849 nos
1076 824 1151 864 pro
1165 809 1294 864 spinea
1311 824 1461 851 corona
1473 814 1511 850 in
1528 825 1603 866 qua
1617 808 1793 851 Christus
1804 807 1937 849 mundi
1950 807 2054 846 deli*

449 871 512 911 [ta
528 869 720 925 portauit,
734 866 830 906 serta
841 880 1091 906 aerumnarum
1107 868 1147 907 ὅ(
1159 864 1373 921 paffionum
1389 867 1538 922 proillo
1554 866 1669 907 nobis
1684 871 1987 920 componamus,
2009 874 2053 904 vt

451 930 783 967 communicantes
797 921 1037 978 pastionibus
1057 925 1097 965 in
1126 924 1363 965 reuelatione
1378 925 1513 978 gloriae
1537 923 1703 966 eiusdem
1724 923 1939 965 exultantes
1958 935 2051 975 gau-

453 983 628 1025 deamus.
1616 1014 1619 1018 .
1870 996 1879 1016 ·.

508 1040 811 1082 Praecedebanta
832 1035 1198 1093 &sequebanturin
1217 1042 1485 1082 Romanorum
1501 1039 1542 1079 &
1564 1039 1722 1079 aliorum
1739 1039 1888 1093 Regum
1912 1037 2048 1078 trium-
2072 1021 2110 1070 B

453 1099 541 1156 phis
555 1101 656 1139 varia
669 1097 825 1136 militum
840 1109 982 1149 genera
994 1124 1003 1139 ‚
1029 1098 1179 1137 Cinium
1194 1125 1204 1140 ‚
1233 1098 1275 1137 δε
1294 1096 1586 1151 Magistratuum
1604 1101 1670 1151 qui
1683 1094 1900 1151 superbiam
1915 1094 1957 1134 &
1973 1094 2046 1134 hu-

454 1170 603 1197 manum
614 1152 746 1195 fastum
757 1167 833 1208 pro
848 1153 1010 1192 deuistis
1022 1151 1195 1193 hostibus
1207 1153 1438 1194 indicabant
1450 1181 1459 1190 .
1476 1156 1517 1194 In
1537 1152 1680 1194 Christi
1695 1164 1823 1193 autem
1841 1150 2047 1205 triumpho,

456 1211 639 1268 Apostoli
653 1241 662 1255 ‚
680 1209 895 1265 Discipuli,
923 1211 966 1251 &
983 1210 1131 1250 Turbae
1144 1234 1155 1253 ‚
1172 1223 1392 1265 praeeuntes
1407 1208 1704 1266 &insequentes
1719 1208 1981 1250 humiliantem
2000 1202 2054 1248 le,

453 1269 648 1312 Christum
666 1270 794 1311 Deum
805 1266 918 1324 super
931 1267 1069 1310 asinam
1081 1291 1092 1313 2
1108 1266 1363 1323 sequebantur
1376 1267 1482 1310 fimul
1498 1281 1684 1325 pompam
1697 1269 1848 1308 ouantis
1868 1267 1996 1307 Ducis
2009 1266 2053 1306 δι’.

456 1329 507 1368 de
526 1341 579 1382 pe
589 1337 709 1367 ccato
734 1326 1025 1381 triumphantis.

511 1387 558 1425 Et
571 1395 760 1440 quatenus
775 1387 812 1426 in
829 1386 1094 1427 Romanorum
1107 1386 1151 1426 ὃ(
1165 1387 1319 1428 aliarum
1329 1387 1497 1442 gentium
1510 1383 1714 1434 triumphis
1735 1383 1877 1425 fuerint
1894 1383 1933 1422 in
1949 1389 2057 1421 ante-

458 1441 693 1483 cedentibus
707 1440 836 1495 spolijs
848 1471 858 1486 ,
875 1442 917 1483 ὃ(
930 1443 1103 1485 vinitoria:
1117 1443 1325 1500 infignibus
1337 1443 1514 1500 expressa
1526 1442 1694 1489 castella,
1711 1441 1849 1484 vrbes,
1870 1448 2024 1480 montes
2039 1467 2051 1482 ‚

454 1499 560 1551 fluuij
571 1529 581 1544 ,
596 1499 752 1553 paludes
763 1528 773 1543 ‚
789 1502 905 1541 maria
917 1529 929 1544 ‚
946 1500 1117 1556 denique
1129 1505 1255 1543 omnia
1269 1532 1279 1547 ‚
1302 1516 1388 1557 quae
1401 1512 1518 1557 capta
1530 1511 1663 1542 erant:
1685 1512 1725 1541 at
1743 1512 1838 1540 vero
1850 1500 1890 1537 in
1905 1494 2049 1538 Christi

453 1557 666 1611 triumpho;
684 1569 731 1597 ex
746 1570 826 1611 qno
839 1555 1123 1611 ipsemetDeus
1138 1561 1181 1600 ὅ(
1192 1560 1284 1600 Rex
1296 1558 1506 1600 mansuetus
1524 1557 1829 1614 procedebaovt
1841 1568 1912 1594 nos
1924 1556 1944 1593 a
1957 1565 2055 1607 pec·-

455 1617 549 1654 catis
561 1615 789 1658 redimeret,
815 1616 1061 1669 apparebant
1074 1630 1151 1657 non
1164 1617 1403 1672 pennicillo‚
1417 1616 1474 1657 vel
1487 1616 1597 1656 aliter
1609 1612 1783 1669 expressa
1794 1643 1804 1659 ‚
1829 1610 1894 1653 sed
1912 1610 2054 1651 mentis

454 1671 578 1712 oculis
594 1670 697 1711 clare
708 1669 1045 1725 perspiciebamus
1062 1672 1183 1727 spolia
1195 1672 1256 1715 sua
1268 1703 1278 1719 ,
1295 1688 1382 1730 quae
1397 1673 1558 1715 deuictis
1572 1671 1746 1713 Diabolo
1760 1701 1770 1716 ,
1796 1670 1945 1712 mundo
1966 1698 1976 1712 ‚
2013 1667 2057 1705 δᾶ

454 1741 573 1770 carne
587 1741 634 1768 ex
651 1726 716 1768 tali
732 1727 931 1781 triumpho
942 1731 1261 1783 reportabantum
1293 1745 1381 1771 cum
1396 1732 1445 1772 ad
1458 1731 1584 1771 hocin
1599 1729 1780 1772 mundum
1796 1725 1977 1769 veniffet;
2007 1733 2051 1764 vt

452 1795 667 1841 propterea
682 1784 892 1837 Apostolus
908 1786 956 1826 ad
967 1786 1372 1838 -Coloff2.Expolians
1382 1784 1612 1841 prinripatus
1624 1782 1864 1838 &potestates
1877 1812 1888 1828 ‚
1918 1781 2048 1822 tradu-

452 1846 518 1883 xit
530 1841 770 1895 confidenter,
783 1841 910 1892 palam
934 1844 1166 1895 triumphans
1187 1844 1267 1883 illos
1282 1847 1320 1883 in
1334 1843 1547 1899 fimetipfi).
2079 1853 2125 1902 C

507 1899 604 1938 Mos
617 1897 685 1939 fuit
697 1898 811 1937 etiam
828 1900 933 1952 apud
946 1898 1094 1953 priscos
1106 1923 1117 1943 ›
1147 1911 1188 1941 vt
1209 1905 1276 1956 qui
1291 1902 1549 1956 Imperatores
1567 1902 1604 1940 in
1620 1900 1819 1954 triumpho
1832 1895 2044 1953 proseque-

456 1957 618 2000 bantur,
639 1954 853 1995 sternssrent
874 1956 944 2010 ipfi
966 1961 1128 2011 propria
1141 1957 1359 1999 vestimenta
1373 1972 1444 2012 per
1459 1962 1534 1998 vias
1551 1973 1560 2002 3
1585 1967 1625 1997 vt
1647 1960 1683 1999 in
1698 1960 1777 1997 vita
1793 1957 1958 1996 Minoris
1975 1952 2052 1992 Ca-

454 2016 557 2054 tonis
572 2011 689 2052 refert
702 2011 931 2052 Plutarchus
944 2013 1002 2053 his
1015 2013 1143 2054 verbis
1160 2028 1169 2055 :
1193 2016 1315 2054 Fimto
1328 2025 1486 2067 tempore
1495 2017 1687 2066 prouincia
1696 2014 1886 2054 abeuntem
1898 2024 1970 2050 non
1983 2022 2055 2048 vo-

456 2074 521 2114 tis,
536 2069 607 2124 fid
614 2070 795 2124 lacrymis,
813 2069 857 2113 ὠ
869 2069 1075 2124 insatiabili
1085 2071 1263 2122 amplexu
1281 2072 1411 2111 milites
1423 2071 1737 2126 profi’quebantur
1748 2087 1763 2121 ⁷3
1774 2068 1979 2121 sternentes
1990 2078 2060 2104 ve-

455 2128 525 2167 stes
536 2138 605 2179 per
618 2141 658 2165 ea
674 2127 748 2165 loca
762 2155 770 2170 ‚
797 2126 927 2180 quibus
938 2127 1168 2181 ipftpedibus
1175 2130 1294 2168 iturus
1305 2137 1386 2168 erat
1399 2143 1408 2173 ;
1422 2128 1523 2183 'quod
1526 2141 1636 2181 genus
1651 2128 1800 2168 honoris
1813 2140 1885 2167 non
1901 2123 1975 2178 nist
1982 2125 2057 2163 lm-

453 2183 686 2239 peratoribus
703 2184 816 2237 idque
828 2187 1023 2234 perpaucis
1046 2199 1085 2222 eo
1101 2193 1260 2235 tempore
1276 2185 1527 2225 tribuebatur.
1557 2189 1604 2226 Et
1627 2189 1665 2225 in
1680 2184 1823 2226 Christi
1845 2179 2051 2235 triumpho

458 2243 557 2281 dicit
575 2239 810 2294 Euangelista
829 2253 841 2278 .·
868 2240 1030 2280 Plurima
1053 2249 1175 2278 autem
1198 2241 1309 2280 turba
1327 2241 1542 2281 flrauerunt
1567 2242 1786 2282 vestimenta
1807 2239 1879 2294 fita
1901 2242 1939 2277 in
1961 2240 2048 2276 via.

460 2296 843 2339 Substrauerantillae
860 2295 976 2336 vestes
994 2294 1073 2336 suas
1091 2296 1221 2341 afinae,
1241 2300 1305 2338 cui
1330 2296 1526 2338 insederat
1546 2298 1721 2338 Christus
1734 2301 1771 2337 in
1789 2298 1921 2348 Regiae
1938 2294 2052 2334 maie-

462 2355 565 2397 statis
578 2353 822 2394 testationem
835 2368 845 2397 ;
860 2351 910 2393 fic
924 2353 1015 2393 olim
1029 2354 1229 2408 Principes
1245 2359 1435 2394 exercitus
1448 2353 1564 2394 Israel
1578 2355 1696 2395 vncto
1706 2367 1779 2407 per
1789 2350 1945 2394 Eliseum
1960 2363 2037 2402 pue
2047 2368 2059 2379 ·

462 2427 507 2454 ro
523 2410 617 2452 Iehu
637 2415 676 2452 in
701 2414 848 2464 Regem
870 2409 1031 2457 Israel4.
1049 2410 1146 2463 Reg.
1160 2411 1320 2464 capit.9.
1342 2409 1587 2464 Vnuffiuisqzse
1605 2411 1731 2450 tollens
1747 2409 1902 2462 pallium
1922 2404 2055 2462 suum,

456 2468 654 2523 postterunt
673 2467 747 2522 sub
758 2466 913 2520 pedibus
933 2468 1008 2507 eius
1023 2467 1063 2506 in
1080 2466 1359 2522 stmilitudinem
1379 2466 1577 2508 trtbunalis
1588 2490 1600 2511 ‚
1619 2477 1733 2522 atque
1753 2466 1957 2506 dixerunt:
1985 2466 2058 2504 Re-

458 2528 591 2580 gnauit
603 2525 711 2567 [ehu.

522 2582 715 2623 Ferebant
730 2583 834 2639 apud
848 2580 996 2636 priscos
1012 2587 1212 2626 Romanos
1223 2597 1305 2639 prae
1334 2583 1507 2624 manibus
1534 2582 1777 2624 militeslauri
1792 2581 1845 2625 ,ὃς
1860 2578 2059 2621 oleatum-2

467 2653 591 2678 ramos
603 2669 612 2683 ,
628 2650 810 2694 tanquam
821 2642 993 2681 vistoriae
1011 2640 1221 2696 symbolum
1233 2671 1242 2686 ‚
1261 2640 1463 2697 sequentes
1489 2645 1525 2680 in
1539 2639 1738 2694 triumpho
1753 2652 1908 2679 currum
1921 2637 2055 2677 secun-

469 2695 559 2736 dum
573 2696 744 2750 legiones
755 2728 764 2743 ,
778 2698 968 2738 cohortes
980 2728 990 2742 ‚
1003 2699 1045 2738 δε
1060 2697 1280 2754 manipulos
1296 2727 1307 2744 ‚
1325 2697 1444 2739 refert
1464 2696 1694 2739 Plutarchus
1705 2700 1742 2736 in
1756 2694 1975 2737 RAemilio
1989 2723 2000 2737 ,
2014 2702 2056 2733 vt

463 2755 551 2792 mos
564 2762 645 2792 erat
664 2755 770 2807 apud
792 2765 950 2795 caeteras
971 2759 1147 2797 nationes
1162 2756 1442 2811 triumphantes
1453 2758 1491 2795 in
1505 2755 1723 2809 praeliorum
1743 2753 1908 2794 laetitiam
1928 2763 2055 2803 ramos

467 2808 679 2864 palmarum
702 2808 853 2850 deferre
867 2839 877 2857 ,
897 2822 939 2851 vt
959 2811 1098 2865 legitur
1112 2826 1144 2853 1.
1160 2811 1351 2853 Machab.
1363 2826 1449 2866 cap.
1469 2825 1531 2864 13.
1544 2811 1639 2852 vers.
1657 2824 1676 2862 ς
1688 2825 1719 2851 1.
1731 2811 1777 2852 ὃς
1797 2813 1835 2850 in
1849 2807 2050 2862 triumpho

468 2865 754 2907 DrufideuiCta
767 2868 979 2908 Germania
991 2866 1108 2908 flores
1130 2881 1206 2923 per
1225 2873 1303 2911 vias
1319 2868 1612 2924 spargerentur.
1639 2866 1881 2917 Ouid.lib.4.
1892 2865 1942 2906 de
1961 2864 2054 2905 Tri„

468 2921 584 2964 stibus
596 2922 730 2978 eleg.2.
742 2922 794 2965 fic
809 2927 936 2979 inquit
945 2956 954 2965 .

638 2983 681 3019 H
688 2994 723 3020 os
741 2979 856 3034 ffiper
868 2994 979 3022 curru
991 2981 1109 3037 Caefizr
1120 2984 1265 3024 vib't'ore
1274 2983 1424 3024 veheris

692 3041 896 3090 Purpureus
907 3041 1037 3092 populi
1050 3040 1121 3079 rit?
1127 3052 1195 3092 per
1207 3054 1271 3080 ora
1285 3044 1340 3081 tui
1354 3072 1362 3080 .

639 3092 807 3149 Qaque
818 3095 887 3134 ibis
896 3096 1062 3135 manibus
1077 3098 1382 3148 circumplaudere
1390 3106 1534 3139 tuorum
1548 3126 1559 3141 ,

696 3151 860 3205 Vndique
873 3153 1009 3192 iauato
1020 3151 1118 3205 flore
1136 3162 1272 3212 tegente
1292 3158 1398 3195 vias.

464 3209 521 3249 At
535 3221 629 3249 vero
649 3222 736 3248 cum
753 3208 925 3253 Christus
951 3207 1259 3265 Hierosolymam
1274 3211 1516 3268 triumphans
1529 3212 1711 3256 intrauit.
1737 3208 1857 3254 refert
1877 3210 2052 3263 Euange-

1904 3265 2005 3307 hsta
