2206 3480
285 117 516 186 QRE
564 114 768 167 norm
811 116 928 169 εῖν
971 113 1137 168 Aris}
1175 116 1375 169 vraks
1417 117 1563 169 Hc.
1674 130 1767 182 165

96 205 132 259 A
169 206 323 248 censere
337 221 413 248 non
430 208 482 250 est
494 207 795 248 huiusinstituti.
832 207 1159 248 Gratianuscerte
1175 236 1184 251 ‚
1217 205 1537 248 Valentinianus,
1573 202 1615 244 δε
1638 205 1777 247 Thro-

169 264 298 306 dofius
312 265 480 307 Caesares
495 267 649 306 Petrum
663 269 801 306 Romae
814 263 917 304 fuisse
942 264 1102 318 publica
1121 264 1206 317 lege
1234 263 1438 306 testantur,
1472 262 1519 302 ad
1547 263 1775 315 Populum

167 322 645 379 Constantinopolitanum
659 351 668 365 ‚
685 333 725 362 vt
738 326 774 362 in
787 321 894 361 Cod.
915 326 969 362 tit.
984 321 1032 361 de
1047 320 1183 361 summa
1194 323 1340 364 vTrinit.
1355 321 1393 360 Sc
1407 319 1484 359 fide
1495 317 1693 360 Catholic.
1709 320 1769 360 his

170 381 296 420 verbis
312 395 320 421 :
351 382 506 422 Cuneios
525 380 674 431 populos
684 401 695 421 2
710 391 798 432 quos
809 378 999 417 clementiae
1011 377 1142 419 nostrae
1163 381 1254 428 regit
1266 381 1462 429 Imperium
1473 406 1482 420 ‚
1492 376 1566 430 fiib
1579 377 1647 415 tali
1657 378 1766 417 volu-

170 451 247 476 mus
263 438 445 489 Religione
456 434 616 486 vergfhri,
639 448 750 489 quam
772 437 819 473 D.
830 437 977 473 Petrum
996 434 1210 484 Apostolum
1229 431 1411 489 tradidzffl·
1432 435 1608 473 Romanis
1627 433 1768 486 Religio

169 493 286 548 qutte
295 493 606 546 adhucinfinuata
615 492 801 533 declarat,
820 503 1003 545 quamque
1011 490 1218 544 Pontificem
1228 491 1425 544 Damafiam
1435 490 1545 545 ftqui
1555 491 1686 535 claret,
1717 492 1766 534 &-

170 553 315 590 Petrum
324 549 621 591 Alexandrinum
635 550 847 603 Episcopum
859 550 986 587 virum
995 546 1205 598 Apostolicae
1213 545 1427 598 fhnffitatis
1440 579 1450 587 .
1471 547 1647 588 Eamdem
1665 541 1780 602 quo-³

171 621 246 660 que
258 605 478 646 sententiam
503 605 765 660 Hieronymus
784 609 822 644 in
838 605 949 644 fidei
970 603 1040 644 suae
1055 603 1303 658 expositione
1319 604 1366 641 ad
1384 602 1583 645 Damasum
1608 607 1759 659 inquit:

170 665 270 704 Petri
280 661 392 719 fidem
404 662 583 717 &sedem
597 672 708 703 tenes.
731 665 778 703 Et
790 662 840 702 de
853 659 1081 702 fundatione
1099 662 1285 701 Romanae
1304 659 1485 700 Ecclefiae
1500 674 1572 713 per
1587 664 1651 715 Ap
1661 662 1764 702 osto-

169 719 232 760 los
246 720 406 761 Petrum
423 721 466 761 ὅ(
479 719 804 764 Paulum‚sanstus
818 720 898 759 Leo
914 720 1065 774 Papain
1082 716 1225 758 serm.1·
1238 720 1276 757 in
1292 715 1420 757 Natali
1439 717 1634 757 dictorum
1651 721 1765 772 Apo-

168 775 356 818 stolorum
368 791 377 819 ε
389 777 440 818 de
454 776 592 832 quibus
609 775 658 817 fic
673 777 798 831 inquit
809 790 821 816 .·
832 774 1003 830 lflificnt‚
1019 778 1084 831 qui
1099 785 1132 815 te
1145 777 1308 830 (nempe
1323 772 1513 826 Romam)
1531 773 1764 826 adhuncglo.

167 837 263 877 riam
270 843 543 886 prouexerunt3
562 842 609 873 vt
623 846 707 886 gem
716 833 865 887 floreia,
888 833 1042 886 populus
1055 834 1184 873 elefius
1199 862 1209 877 ‚
1234 834 1375 873 Ciuitas
1392 829 1630 885 so'tcerdotalis
1651 831 1698 872 (9-
1710 844 1766 869 re-

163 893 226 943 gia
234 891 454 945 persbcram
465 893 570 932 Beati
578 894 678 931 Petri
683 891 806 944 fidem
821 914 832 932 ‚
845 901 954 944 caput
963 890 1070 931 orbis
1086 888 1209 949 effec‘Ja
1224 919 1234 935 ‚
1252 889 1360 929 latius
1374 886 1580 943 praestderes
1595 887 1764 941 religione

167 947 314 992 diuina,
329 962 439 1003 quam
455 949 701 989 dominatione
710 958 856 989 terrena
871 981 880 990 .
1411 978 1415 981 »

110 1036 148 1086 Β
225 1007 419 1103 Εξεῑετέιιη
434 1018 473 1073 ut
487 1009 654 1103 οιῖιιηὶυηι
678 1005 783 1047 orbis
797 1005 1003 1104 CEhripiani
1017 1000 1769 1102 Ecclzfierumgcapsut{stORKdenffxii}

168 1074 333 1103 omnium
377 1075 518 1104 acriarc
551 1077 675 1108 arum,
693 1074 730 1104 at
763 1078 808 1105 ue
882 1078 892 1103 1
912 1076 962 1103 co
996 1077 1104 1104 orum
1152 1075 1260 1102 rince
1294 1075 1311 1100 s
1333 1076 1353 1102 e

164 1119 198 1161 P
211 1123 250 1161 O
264 1120 300 1159 N
313 1122 352 1159 T
365 1123 383 1160 1
398 1121 424 1159 F
436 1116 464 1160 Ε
476 1121 516 1162 X
532 1135 544 1160 .·
574 1120 623 1161 de
646 1077 1000 1163 cuiucslaustgritag
1013 1120 1122 1176 plura
1135 1119 1202 1173 qui
1217 1075 1321 1159 voiiet
1337 1142 1350 1162 ‚
1385 1101 1617 1170 Theologos
1636 1117 1678 1157 δε
1690 1118 1770 1157 Ca·

165 1176 339 1217 nonistas
363 1176 539 1218 consulat
566 1208 575 1217 .
613 1178 792 1219 Pontifici
822 1180 997 1218 Maximo
1027 1183 1064 1218 in
1092 1181 1270 1220 Romana
1292 1174 1464 1216 Ecclesia
1485 1174 1659 1228 proximi
1681 1171 1767 1213 sunt

168 1236 206 1274 C
220 1236 252 1273 A
269 1237 306 1278 R
324 1234 358 1273 D
374 1237 388 1276 1
406 1235 448 1274 N
465 1238 501 1276 A
516 1237 543 1275 L
554 1239 581 1276 E
594 1236 617 1276 S
631 1258 642 1278 2
657 1237 725 1290 qui
738 1236 845 1276 vnde
859 1235 966 1278 disti,
982 1236 1022 1275 ἃ
1035 1234 1195 1290 quando
1209 1234 1422 1288 coeperint,
1437 1231 1559 1271 docet
1574 1231 1765 1270 Panuinus

167 1290 236 1330 lib.
247 1291 294 1331 de
305 1290 599 1336 Cardinalibus;
625 1304 665 1333 vt
679 1307 752 1348 ego
762 1307 922 1348 quoque
934 1291 1044 1346 plura
1058 1290 1173 1332 retuli
1186 1293 1222 1330 in
1234 1290 1337 1330 libro
1354 1290 1415 1331 De
1430 1287 1638 1329 Veteribus
1648 1286 1768 1328 Chri-

168 1347 374 1390 stianorum
389 1349 545 1389 Ritibus
565 1356 722 1404 cap.82.
738 1350 1079 1391 InterCardinales
1102 1347 1163 1388 sex
1177 1348 1294 1387 hodie
1314 1344 1398 1387 sunt
1418 1344 1646 1386 Cardinales
1658 1341 1765 1398 Epis-

171 1409 281 1459 copi,
297 1419 438 1460 nempe
455 1406 658 1451 Ostienfis,
676 1407 896 1449 Portuenfis
909 1436 918 1450 ‚
937 1407 1100 1447 Sabinus
1114 1435 1123 1449 ‚
1139 1403 1408 1446 Praenestinus,
1429 1400 1696 1447 Tusculanus,
1719 1401 1762 1440 &

169 1461 348 1504 Albanus
363 1486 375 1506 ‚
391 1478 440 1504 ex
450 1462 510 1503 his
523 1464 662 1504 Ostien
671 1463 714 1504 fis
724 1464 845 1505 habet
858 1463 957 1505 vsum
973 1463 1078 1515 Pallij
1096 1463 1138 1503 ὃς
1154 1463 1374 1502 Romanum
1387 1459 1615 1501 Pontificem
1629 1458 1769 1499 conse-

169 1533 278 1560 crare
294 1518 413 1561 solet.
449 1523 543 1561 Sunt
553 1531 741 1574 praeterea
754 1525 792 1562 in
810 1520 983 1562 Ecclefia
1004 1517 1310 1573 Archiepiscopi
1327 1519 1370 1557 &
1391 1513 1767 1570 Episcopisubordi-

170 1580 273 1616 nati:
294 1590 459 1630 quorum
475 1577 691 1618 Elenchum
715 1593 789 1635 per
813 1589 935 1618 totum
953 1577 1214 1618 Christianum
1232 1574 1384 1616 Orbem
1412 1571 1596 1628 disposuit
1613 1573 1771 1613 Miraeus

167 1637 207 1674 in
221 1632 287 1672 lib.
302 1633 452 1674 Politiae
467 1633 743 1677 Ecclefiasticae
758 1650 767 1676 :
783 1649 827 1676 ac
839 1639 953 1676 etiam
968 1648 1091 1689 nuper
1109 1635 1158 1674 de
1176 1632 1300 1674 ltaliae
1313 1630 1513 1686 Episcopis
1527 1660 1536 1675 ,
1563 1628 1767 1684 rebusque,

170 1690 221 1732 ab
234 1692 282 1740 ijs
294 1691 484 1745 praeclare
498 1691 611 1747 gestis
631 1692 678 1733 ad
694 1692 860 1734 nostram
881 1691 996 1748 vsque
1023 1703 1199 1735 aetatem,
1223 1704 1267 1730 ac
1287 1693 1400 1730 etiam
1413 1688 1462 1728 de
1479 1686 1768 1730 Eccleiiarurn..

169 1750 327 1802 origine,
346 1748 509 1790 Vrbium
527 1749 770 1795 conditione,
785 1752 827 1791 &
843 1751 1068 1805 Principum
1082 1747 1360 1789 donationibus
1372 1743 1622 1787 eruditissime
1639 1744 1681 1784 δε
1695 1754 1766 1783 co-

168 1806 279 1862 piose
292 1804 444 1861 scripsit
459 1807 507 1848 D.
524 1806 785 1848 Ferdinandus
801 1807 1005 1862 Vghellius
1029 1808 1275 1848 Florentinus
1289 1804 1427 1847 Abbas
1441 1801 1654 1844 sanstorum
1667 1800 1768 1843 Vin-

98 1867 146 1916 C
169 1864 310 1913 centii,
326 1863 559 1914 &Anastasij
577 1865 625 1905 ad
643 1869 774 1920 Aquas
797 1866 938 1905 Saluias
952 1888 963 1909 ‚
981 1860 1470 1905 OrdinisCistercienfium
1485 1888 1494 1904 ,
1515 1861 1557 1899 ὅ(
1570 1858 1685 1900 sacrae
1700 1861 1763 1898 In-

168 1921 267 1960 dicis
281 1919 605 1975 Congregationis
630 1921 863 1968 consultor,
888 1927 952 1963 cui
975 1925 1274 1977 antiquitatum,
1303 1919 1345 1959 ὅ(
1370 1917 1628 1958 eruditionum
1652 1913 1768 1954 nostri

167 1980 240 2018 aeui
253 1974 410 2018 studiosi
419 1980 624 2032 plurimum
639 1979 804 2024 debean
827 1980 869 2020 ὃ(
879 1981 899 2019 a
913 1994 970 2019 me
988 1993 1127 2033 magno
1138 1977 1294 2017 honore
1306 1976 1442 2028 dignus
1454 1973 1654 2013 aestimatus
1667 2002 1676 2012 .

232 2034 336 2074 Haec
351 2039 478 2075 omnia
492 2035 640 2076 excelsa
659 2040 696 2075 in
712 2035 834 2090 prisca
847 2037 919 2076 iam
934 2034 1184 2088 triumphanti
1217 2033 1254 2071 R
1268 2035 1307 2071 O
1324 2032 1365 2069 M
1377 2035 1439 2072 A:
1471 2044 1516 2070 ac
1544 2030 1658 2069 etiam
1684 2041 1768 2068 mo·

171 2090 225 2132 do
236 2089 419 2144 dispofita
432 2096 470 2131 in
484 2093 658 2132 militanti
672 2097 848 2135 Romana
867 2090 1051 2134 Ecclesia,
1071 2092 1202 2131 donec
1218 2100 1465 2129 occurramus
1478 2100 1609 2128 omnes
1630 2085 1677 2126 ad
1695 2098 1769 2126 cae-

171 2148 302 2191 [estem
317 2149 359 2188 ὃ(
371 2160 601 2203 perpetuam
616 2151 654 2189 in
673 2152 801 2202 patria
815 2147 972 2188 Gloriae
987 2146 1212 2188 fruitionem
1226 2177 1237 2186 .

178 2268 422 2365 Quare
448 2266 734 2355 Roma,
759 2265 865 2344 seu
885 2261 1023 2343 aliae
1044 2261 1268 2346 Vrbes
1289 2263 1480 2341 floris
1506 2261 1597 2340 sui
1620 2290 1764 2338 ma-

231 2380 580 2456 turitatem
606 2379 913 2458 affecutae
940 2440 960 2464 ,
999 2387 1160 2458 raro
1191 2378 1417 2455 maius
1436 2373 1716 2454 sumant

365 2515 934 2595 augumentum?
1053 2493 1239 2602 Cap.
1299 2486 1558 2569 XXXI.

99 2658 150 2709 D
176 2662 269 2764 C
286 2658 440 2713 Ognitis
454 2658 574 2701 causis
585 2674 702 2715 quare
715 2662 893 2702 Romana
905 2661 1005 2702 Vrbs
1021 2670 1168 2701 tantum
1183 2661 1429 2701 exercuerit:
1451 2657 1669 2713 indaganda
1691 2672 1775 2699 mo*

299 2716 473 2758 do‘venit
484 2717 603 2759 altera
613 2716 760 2759 curiosa
770 2717 948 2772 quaestio:
972 2719 1066 2774 quid
1081 2716 1202 2759 causae
1218 2716 1263 2758 fit
1275 2732 1287 2763 ;
1301 2717 1410 2773 quod
1427 2715 1528 2755 Vrbs
1541 2727 1684 2757 certam
1699 2730 1775 2771 po-

175 2773 307 2811 tentiae
319 2785 457 2814 metam
470 2773 637 2816 assecuta
652 2805 662 2820 ,
680 2789 758 2816 non
774 2776 884 2816 altius
899 2775 1016 2817 fuerit
1028 2773 1235 2830 progr-effa,
1248 2779 1461 2828 maiorique
1473 2773 1626 2814 Ciuium
1644 2787 1775 2813 nume-

172 2839 316 2889 ronon
334 2835 551 2872 accreuerit
565 2841 580 2873 Ξ·
596 2834 637 2872 ln
655 2847 787 2873 omnes
804 2832 908 2874 casus
923 2832 1006 2874 satis
1020 2833 1071 2875 est
1089 2834 1315 2874 documenti
1328 2830 1409 2887 ipsa
1424 2833 1563 2877 Roma,
1579 2845 1664 2886 quae
1680 2829 1774 2869 teste

173 2883 367 2939 Dionysio
385 2886 711 2935 Halicarnaffaeo;
734 2904 820 2931 cum
844 2895 1009 2947 primuni
1032 2893 1051 2932 ὲ
1083 2890 1255 2930 Romulo
1279 2891 1522 2931 conderetur
1546 2902 1670 2942 3300.
1687 2888 1772 2927 viris

175 2938 366 2983 bellicosis
378 2943 579 2986 constabat
593 2975 604 2990 ‚
620 2958 737 3001 atque
756 2952 856 2990 intra
865 2950 1024 3004 triginta
1036 2947 1181 3002 septem
1198 2947 1286 2988 illos
1300 2960 1420 2989 annos
1435 2969 1445 2989 ‚
1459 2946 1599 3001 quibus
1620 2946 1773 2983 Romu-

171 2996 228 3038 lus
240 3001 428 3054 regnauits
442 3004 497 3041 ita
511 3005 689 3042 excreuit
701 3004 856 3045 Ciuium
868 3015 1101 3050 numerus;vt
1112 3005 1240 3046 adhuc
1250 3020 1298 3046 eo
1310 3008 1399 3046 viuo
1411 3004 1666 3059 quadraginta
1685 2999 1772 3040 mil-

172 3052 220 3094 lia
233 3053 376 3110 septem
392 3058 560 3099 virorum
576 3058 845 3102 bellicosorum
861 3067 996 3107 Romae
1013 3074 1304 3103 numerarentur
1327 3095 1335 3104 .
1360 3063 1527 3101 Centum
1542 3060 1584 3098 ὃς
1601 3056 1779 3111 septem..

171 3116 276 3152 annis
291 3113 379 3168 post
394 3115 544 3156 obitum
557 3117 739 3160 Romuli,
763 3131 948 3172 regnante
964 3122 1097 3160 Seruio
1114 3120 1246 3160 Tullio
1266 3121 1434 3160 Roman.
1445 3117 1550 3169 Rege
1562 3130 1572 3160 ;
1586 3115 1775 3156 Cinium-

171 3174 236 3224 qui
247 3183 347 3212 arma
359 3169 457 3212 ferre
471 3184 678 3228 poterant,
701 3175 1050 3230 ostuagintafmillia
1065 3178 1198 3218 Romae
1213 3186 1507 3216 numerarentur
1521 3203 1531 3213 .
1558 3170 1774 3212 Tandem-a

171 3226 348 3268 crescens
368 3228 483 3271 Vrbis
509 3234 693 3288 potentia
720 3233 771 3275 ad
797 3232 1114 3289 quadringenties
1139 3235 1390 3289 quinquagies
1416 3229 1526 3272 millia
1559 3228 1763 3284 peruenit.

1583 3287 1721 3336 Quare
