2206 3480
191 722 399 747 Romanorum-2

178 762 254 786 Pom.
268 755 400 789 instaura-

177 797 253 824 tiones
261 816 268 824 .

176 1215 296 1256 Adriani
307 1213 406 1244 Primi.

185 1672 275 1704 Leonis
290 1676 349 1703 ΠΙ.

188 2245 269 2283 serg?
286 2248 301 2274 Ι
310 2249 337 2280 lv

189 2364 239 2391 Leo
246 2364 299 2390 IV.

413 133 522 192 ‘104
656 129 761 182 DE
807 124 1052 179 VRBIS
1091 120 1820 175 RESTAVRATIONE.

422 223 629 280 marceftet.
658 224 703 263 Et
716 218 843 261 subdit
857 222 892 259 S.
909 218 1024 270 Greg.
1035 223 1152 256 aetate
1169 213 1230 254 sua
1241 213 1342 254 hanc
1354 211 1604 267 prophetiam
1615 212 1768 269 impleri
1778 210 1962 269 coepifl'e‚
1974 215 2028 256 ait
2053 217 2095 269 A

422 286 543 324 enim:
572 282 681 320 Cuius
691 275 893 330 prophetiae
903 271 1073 328 mysteria
1081 271 1184 311 nobis
1194 273 1271 312 iam
1286 268 1400 321 faHa
1418 268 1513 324 fient
1525 270 1602 310 luce
1610 270 1768 311 clariora
1778 300 1789 315 ,
1820 273 1887 326 qui
1903 273 1943 310 in
1956 270 2028 312 hac

408 339 513 379 >Vrbe
523 335 684 393 diffialuta
695 334 822 374 moenia
833 355 845 374 ‚
869 327 1009 383 euerfias
1028 328 1169 372 domos,
1191 326 1385 378 destruam
1407 326 1572 382 Ecclefias
1593 326 1740 367 turbine
1752 331 1948 368 cernimus.
1979 331 2028 370 Et

426 394 666 436 aduertenda
683 389 798 430 saneti
810 386 1014 428 Benedicti
1023 385 1143 427 verba
1155 408 1167 429 ‚
1189 386 1303 441 quod
1316 386 1489 440 quamuis
1506 384 1742 439 marcefienu
1753 385 1891 428 Roma,
1917 397 2026 425 nom

427 462 642 507 propterea
660 446 725 488 illa
741 443 911 489 defecit;
927 447 1015 499 quia
1026 441 1225 484 veteribus
1240 441 1420 493 aedificijs
1434 439 1650 483 succedunt
1665 455 1767 483 noua
1776 440 2003 497 pulchriora
2013 456 2025 487 ς

425 506 486 548 vel
497 520 573 562 pro
583 500 815 545 marcescere
826 525 839 547 ‚
858 497 1136 542 inueterascere
1148 522 1160 543 ²
1176 513 1255 540 non
1272 508 1395 540 autem
1418 501 1577 540 omnino
1593 499 1769 555 extingui
1781 496 1930 540 sanetus
1951 499 2026 539 Pa·

424 562 594 605 triarcha
604 560 851 602 intellexerat
867 591 876 600 .
909 562 969 603 Vt
980 555 1102 599 refert
1111 557 1268 600 Arefius
1280 555 1329 597 de
1340 559 1529 603 Romanae
1543 556 1730 601 Ecclefiae
1746 557 1790 598 &
1805 556 1928 601 vrbis
1951 570 2026 611 pe-

425 623 616 662 rennitate
627 618 809 675 pagmihi
824 630 891 668 94.

483 677 601 718 Hanc
617 675 779 717 eandem
795 669 1055 715 Ecclefiarum
1067 673 1269 729 praecipue
1286 671 1599 715 instaurationem
1614 673 1657 714 ὃ(
1671 681 1849 714 ornatum
1860 669 2020 728 sequen-

426 745 484 776 tes
494 735 608 776 Pont.
625 734 790 773 Romani
803 744 882 772 non
897 731 1020 771 modo
1035 731 1085 771 ad
1099 730 1246 778 cultum
1260 733 1503 775 Sanstorum‚
1522 730 1585 772 sed
1599 729 1647 771 ad
1672 728 1840 785 ipsorum
1869 729 2022 770 habita-

426 796 575 834 tionem
587 792 748 832 imitati:
778 788 874 831 ficut
888 787 1063 842 Pelagius
1076 789 1123 829 11.
1142 802 1281 830 nouam
1295 790 1344 830 D.
1361 790 1553 838 Laurentij
1574 787 1767 829 basilicam
1790 787 1838 828 ad
1858 784 2028 828 eiusdem

430 850 618 905 Martyris
633 859 781 903 corpus
793 855 980 887 extruxit:
992 845 1154 900 Magnus
1170 846 1387 901 Gregorius
1398 845 1609 888 Ecclesiam
1623 846 1674 886 D.
1687 842 1851 899 Agathae
1864 846 1902 884 in
1928 842 2029 884 Sub-

430 921 532 951 urra‚
562 920 606 948 ac
621 907 736 946 etiam
749 915 951 959 paternam
963 902 1120 944 domum
1135 906 1173 943 in
1188 905 1305 945 Cliuo
1332 904 1464 944 Scauri
1487 902 1652 959 positam
1680 905 1719 942 in
1746 900 2028 943 Monasterium

430 967 605 1019 redegit:
638 960 858 1002 Bonifacius
869 961 1041 1012 Qartus
1058 959 1261 1002 Pantheon
1276 962 1411 1002 emera
1421 964 1559 1002 veteris
1572 957 1852 1015 superstitionis
1867 955 2028 1006 foedita-

432 1031 471 1062 te
489 1019 790 1076 VirginiMatri,
813 1017 1024 1073 sanstilque
1040 1017 1287 1073 Martyribus
1301 1016 1569 1059 consecrauit:
1587 1019 1800 1071 Gregorius
1821 1013 2025 1056 Secundus

434 1077 628 1121 basilicam
641 1075 758 1118 saneti
769 1077 878 1117 Pauli
893 1089 1027 1130 magna
1041 1088 1088 1116 ex
1103 1086 1217 1130 parte
1231 1072 1437 1129 collapsam
1451 1073 1592 1116 refecit
1606 1090 1617 1120 ;
1631 1086 1746 1130 atque
1756 1074 1776 1113 ὲ
1796 1073 1942 1124 Brutijs
1959 1071 2030 1113 ad·

439 1137 558 1179 uectis
578 1134 754 1175 trabibus
764 1135 882 1174 texit.

494 1197 553 1235 At
568 1205 662 1232 vero
675 1190 870 1233 Adrianus
881 1190 1029 1232 Primus
1042 1191 1100 1230 vir
1111 1190 1363 1233 admirabilis,
1380 1190 1528 1232 strmstis
1543 1189 1727 1245 operibus
1741 1201 1819 1229 non
1835 1188 1958 1243 impar
1975 1186 2030 1228 est

437 1248 556 1295 visus;
575 1258 615 1290 vt
626 1251 758 1289 mirum
775 1246 822 1288 fit
835 1262 920 1289 eum
936 1247 1174 1290 Pontificem
1195 1258 1259 1289 tot
1273 1247 1439 1290 aedificia
1457 1250 1699 1303 cogitatione
1720 1245 1859 1287 nedum
1872 1258 2008 1301 opere„
2019 1274 2031 1289 ‚

438 1320 611 1361 curaque
625 1305 861 1360 complesti,
882 1318 927 1346 ac
951 1303 1013 1345 sua
1024 1309 1194 1360 pecunia
1208 1305 1402 1359 perficere
1425 1303 1609 1360 potuiffe:
1637 1304 1770 1345 addita
1792 1305 2034 1358 praesertim...

436 1377 571 1419 magna
585 1365 623 1403 vi
639 1365 737 1406 auri,
754 1365 796 1402 δ(
810 1364 979 1416 argenti,
1003 1363 1240 1417 vestiumque
1261 1360 1618 1418 pretiofiffimarum
1631 1360 1729 1401 locis
1746 1357 2034 1415 sacrispaffim..

437 1422 605 1463 collata:
637 1433 721 1460 nam
735 1422 835 1460 inter
848 1430 990 1460 caetera
1001 1417 1275 1461 confeffionem
1295 1421 1450 1461 B.Petri
1463 1429 1584 1460 totam
1599 1416 1726 1458 solido
1738 1431 1833 1457 auro
1852 1431 1863 1457 ε
1886 1418 2036 1459 altare..-

437 1489 563 1519 autem
583 1476 634 1518 illi
666 1477 889 1532 impositum
913 1477 955 1517 &
981 1479 1150 1532 parietes
1162 1476 1489 1532 dextralaeuaque
1505 1485 1666 1530 argento
1678 1475 1878 1515 contexit:
1904 1486 2037 1514 omnes

438 1538 519 1577 Dei
535 1533 724 1576 Ecclefias
743 1545 945 1575 tam‘extra
966 1548 1079 1588 quam
1096 1536 1200 1575 intra
1216 1547 1345 1575 muros
1357 1533 1480 1576 Vrbis
1501 1532 1748 1577 restaurauit,
1779 1544 1824 1572 ac
1843 1532 1965 1586 etiam¹
1979 1544 2037 1571 re-

440 1595 601 1634 nouauit
615 1606 626 1637 ;
641 1603 682 1632 vt
699 1594 824 1632 voluit
843 1589 1061 1631 Anastafius
1075 1589 1408 1631 Bibliothecarius
1423 1623 1432 1632 .

496 1650 578 1691 Leo
608 1650 623 1688 l
641 1652 696 1691 11.
713 1650 794 1689 eius
810 1647 1002 1689 successor
1012 1646 1127 1688 multa
1141 1646 1276 1702 &ipse
1288 1647 1524 1691 aedificauit‚
1550 1648 1600 1688 de
1615 1661 1694 1703 quo
1708 1646 1810 1688 idem
1825 1644 2040 1687 Anastasius

440 1705 592 1762 inquit:
622 1711 714 1748 Cum
739 1720 790 1746 ex
812 1709 911 1746 omni
925 1713 1036 1756 parte
1048 1713 1124 1745 tam
1140 1716 1211 1757 per
1226 1704 1388 1757 diues-fin
1402 1703 1591 1757 Ecclrstan
1615 1718 1726 1759 quam
1753 1707 1792 1744 in
1805 1703 2039 1744 Patriarchio

439 1764 480 1804 in
502 1763 632 1816 amplis
656 1763 816 1818 aedificb‘ls
839 1762 1062 1805 construens,
1081 1760 1217 1816 compte³
1241 1773 1410 1807 ornaret,
1435 1765 1583 1803 Etenim
1606 1765 1707 1802 inter
1719 1760 1789 1802 alia
1808 1760 2040 1803 Bafilicam..

446 1821 495 1861 D.
507 1820 612 1862 Pauli
625 1830 853 1861 terraemotu
869 1820 1055 1860 deiestam
1074 1818 1234 1864 refecit;
1256 1821 1297 1860 ὃ(
1309 1824 1347 1860 in
1359 1818 1618 1863 Patriarchio,
1634 1816 1696 1860 seu
1714 1816 1957 1859 Lateranenfi
1971 1832 2042 1873 pa-

439 1878 535 1919 latio
558 1878 786 1919 Triclinium
812 1880 928 1917 maius
952 1879 1126 1917 extruxit
1144 1875 1441 1931 porphyreticis
1465 1874 1662 1931 parijsque
1686 1875 1876 1916 columnis
1898 1905 1907 1920 ‚
1933 1875 2041 1915 cuius
2069 1899 2114 1950 C

442 1934 594 1990 apsides
605 1949 726 1990 opere
743 1932 886 1975 musmo
899 1963 910 1979 ‚
935 1934 1000 1974 vbi
1016 1932 1191 1974 Christus
1210 1933 1398 1974 Dominus
1411 1947 1499 1973 cum
1516 1933 1728 1986 Apostolis‚
1739 1931 1852 1972 sandii
1863 1934 1966 1973 Petri
1977 1955 1988 1974 ‚
2003 1931 2043 1972 &

443 1992 581 2047 Magni
595 1991 864 2032 Constantini:
888 1994 977 2030 item
987 1992 1124 2031 Leonis
1137 1990 1300 2032 eiusdem
1314 1992 1357 2032 &
1369 1991 1506 2032 Caroli
1522 1990 1816 2044 Magnigeffigies
1835 1987 2044 2044 repraesen-

446 2049 613 2092 tatunex
628 2047 768 2104 quibus
779 2045 985 2087 desumitur
995 2048 1196 2088 translatio
1209 2051 1368 2103 Imperij
1385 2048 1434 2089 ab
1448 2048 1676 2089 Occidente
1691 2048 1856 2101 primum
1871 2047 1908 2086 in
1924 2046 2044 2087 Orie'-

439 2116 515 2147 tem
527 2107 547 2147 a
558 2105 818 2147 Constantino
834 2118 842 2143 :
869 2102 1016 2143 deinde
1030 2102 1079 2144 ab
1105 2105 1273 2145 Oriente
1292 2110 1431 2145 iterum
1455 2108 1493 2145 in
1525 2105 1793 2145 Occidentem
1818 2117 1891 2158 per
1915 2103 2043 2144 distos

441 2165 614 2205 Leonem
629 2164 671 2203 ὃς
686 2160 870 2202 Carolum
881 2190 891 2204 ‚
903 2170 945 2201 vt
955 2161 1069 2200 etiam
1081 2159 1193 2215 supra
1205 2160 1461 2204 indicauimus
1477 2191 1488 2199 .

497 2222 698 2274 Quoniam
711 2221 847 2272 Sergio
864 2216 1049 2257 Secundo
1061 2218 1256 2259 Pontifice
1270 2220 1408 2260 Piratae
1428 2219 1610 2263 Saraceni
1636 2214 1774 2259 infestis
1794 2215 1975 2259 clastibus
1995 2215 2046 2259 ad

441 2278 558 2320 Ostia
570 2276 763 2317 Tiberina
779 2271 926 2327 appulfi
938 2271 1154 2313 sanator-m
1168 2275 1449 2328 Apostolorum
1461 2275 1642 2316 Bafilicas
1665 2285 1775 2315 extra
1794 2274 1942 2316 Vrbem
1962 2274 2047 2314 fitas

443 2335 687 2391 diripuerant
702 2345 710 2371 :
735 2329 911 2373 suffectus
929 2329 981 2369 illi
993 2331 1070 2370 Leo
1081 2332 1253 2383 Quartus
1266 2360 1277 2377 ‚
1296 2345 1540 2387 quaecunque
1552 2332 1573 2371 ἐ
1586 2331 1749 2372 Basilica
1761 2334 1956 2374 Vaticana
1967 2329 2048 2372 sue.

444 2404 533 2435 rant
548 2390 690 2433 ablata,
706 2387 870 2429 reficere
884 2386 1083 2432 decreuit,
1104 2389 1228 2428 aureis
1253 2387 1517 2443 argenteisque
1530 2387 1676 2429 laminis
1697 2400 1774 2427 non
1801 2385 1918 2428 solum
1928 2390 2046 2444 Apo-

443 2449 530 2493 stoli
544 2446 758 2504 sepulcrum
771 2469 782 2489 ‚
806 2443 872 2485 sed
890 2444 1014 2484 altaris
1027 2443 1196 2485 frontem
1208 2459 1313 2490 auro,
1335 2445 1378 2485 δε
1390 2448 1544 2500 gemmis
1558 2448 1738 2485 contexit
1749 2459 1759 2490 ;
1772 2457 1816 2485 ac
1827 2448 1941 2486 etiam
1952 2447 2046 2487 eiul-

444 2509 536 2549 dem
552 2505 719 2548 Basilicae
733 2513 865 2558 portas
878 2500 925 2541 ab
940 2499 1106 2542 ciusdem
1130 2504 1326 2543 Saracenis
1343 2502 1502 2543 nudatas
1524 2505 1663 2543 iterum
1692 2512 1855 2556 argento
1874 2501 2044 2545 vestiuit:

447 2567 491 2605 ὃς
506 2562 634 2604 fimilia
651 2558 727 2602 fere
742 2566 778 2601 in
796 2558 958 2600 Basilica
979 2557 1097 2600 sanffl
1118 2559 1223 2600 Pauli
1245 2559 1265 2600 a
1282 2559 1481 2601 Saracenis
1505 2559 1676 2614 direpta,
1698 2572 1858 2614 quoque
1881 2558 2020 2602 refecit
2037 2590 2047 2600 .

444 2624 577 2663 JEdem
591 2619 804 2662 sanstorum
821 2618 1006 2669 Quatuor
1019 2616 1311 2658 Coronatorum
1324 2647 1336 2666 ,
1365 2617 1473 2658 cuius
1492 2617 1609 2657 titulo
1623 2616 1834 2671 Presbyter
1845 2613 1970 2658 fuerat
1985 2619 2045 2657 in-

444 2681 596 2733 {ignitus
611 2680 727 2718 ruinae
742 2674 952 2716 obnoxiam
966 2698 976 2718 ‚
999 2672 1136 2713 abimo
1148 2671 1230 2714 solo
1243 2673 1494 2715 reficiendam
1511 2672 1800 2728 ornandamque
1814 2686 1825 2718 3
1843 2673 1887 2714 &
1912 2688 2044 2715 aram-³

446 2736 514 2777 sub
529 2750 603 2789 qua
618 2732 820 2774 multorum
835 2729 1052 2776 sanstorum
1073 2733 1259 2785 Corpora
1281 2733 1486 2777 condidit,
1511 2741 1674 2784 argento
1688 2731 1893 2784 &gemmis
1908 2730 2042 2772 vestie-
2068 2724 2119 2775 D

446 2794 533 2834 dam
549 2791 701 2831 curauit
713 2821 721 2828 .
749 2791 890 2829 Statuit
904 2789 1006 2829 idem
1029 2789 1213 2829 Pontifex
1238 2801 1287 2828 ex
1304 2787 1467 2842 praefata
1497 2791 1778 2828 Saracenorum
1806 2790 2043 2843 irruptione,

444 2849 675 2895 Vaticanam
693 2847 742 2886 D.
757 2846 865 2885 Petri
884 2843 1082 2884 Basilicam
1096 2853 1205 2884 extra
1219 2844 1365 2888 Vrbem
1380 2843 1481 2885 fitam
1498 2848 1611 2884 muris
1626 2847 1782 2899 cingere
1804 2845 1845 2884 &
1872 2855 2043 2900 quatuor

448 2909 553 2947 annis
567 2918 664 2959 opus
681 2900 854 2945 absoluit,
869 2914 1058 2955 nouaeque
1071 2899 1157 2941 vrbi
1183 2902 1345 2941 Leoninae
1365 2900 1528 2942 inditum
1541 2915 1680 2942 nomen
1694 2899 1815 2942 salutis
1826 2915 1928 2942 anno
1946 2907 1967 2940 8
1977 2913 2038 2950 50.

446 2965 622 3004 circiter.
645 2957 823 2999 Posthaec
837 2959 934 2997 muri
946 2957 1065 3000 Vrbis
1076 2956 1284 2998 secundum
1296 2961 1416 3012 ripam
1432 2958 1590 2999 Tiberis
1605 2958 1822 3003 desierunt,
1849 2971 1948 3013 quos
1977 2969 2043 2998 aut

448 3021 716 3060 Romanorum
728 3018 907 3057 securitas
921 3037 932 3058 2
956 3025 1019 3054 aut
1033 3028 1219 3055 annorum
1235 3014 1395 3056 'vetustas
1420 3016 1604 3056 demolita
1630 3014 1708 3057 est:
1725 3027 1953 3070 quamquam
1977 3014 2043 3055 ali-

445 3092 521 3131 qua
533 3073 744 3116 eorundem
761 3086 850 3128 pars
864 3073 936 3111 iam
949 3081 1036 3112 ante
1047 3071 1226 3112 Adriano
1247 3072 1440 3113 Pontifice
1457 3072 1613 3114 Tiberis
1634 3072 1861 3113 inundantia
1883 3070 2038 3113 deiece-

448 3145 504 3173 rat
516 3148 527 3171 .·
550 3146 639 3187 neq;
662 3130 894 3171 destiterunt
908 3126 1190 3182 consequentes
1205 3128 1416 3171 Pontifices
1429 3130 1471 3171 ἃ
1490 3128 1698 3186 praesertim
1722 3128 1920 3169 Nicolaus
1936 3129 1985 3170 V.
2001 3139 2043 3170 vt

446 3189 563 3230 refert
578 3190 735 3231 platina,
742 3185 930 3243 praedista
946 3188 1088 3227 moenia
1104 3185 1223 3227 Vrbis
1235 3185 1341 3225 bello
1354 3210 1364 3230 ‚
1380 3186 1439 3228 vel
1455 3197 1632 3242 tempore
1648 3183 1815 3240 collapsa
1825 3184 1989 3228 reficere
2000 3186 2045 3225 ὃς

450 3249 559 3287 nouis
573 3245 779 3302 aggeribus
795 3244 838 3285 ὃ(
853 3241 1159 3302 propugnaculis
1170 3244 1319 3284 munire
1333 3274 1342 3283 .
2035 3263 2038 3265 Α

1878 3302 1991 3343 Con·
