2206 3480
335 105 465 160 DE
542 106 1561 169 HOSPITALITATE.
1688 136 1781 178 337

132 197 171 254 Α
197 194 236 236 in
249 196 306 236 via
321 197 547 239 contractus
559 207 818 244 excuteretur3
829 199 882 239 ita
897 195 1021 253 Vlyffi
1033 199 1139 254 apud
1153 199 1386 243 Homerum:
1401 202 1443 243 &
1462 203 1616 259 quidem
1630 204 1779 261 priscos

195 251 414 306 hospitibus
424 255 626 310 praebuisse
641 269 778 311 aquam
794 252 956 307 calidam
970 257 1020 307 ad
1033 256 1268 304 abluendum
1281 271 1428 316 corpus
1443 275 1488 303 ac
1507 264 1650 318 pedes,
1675 262 1774 319 geli-

197 310 285 350 dam
298 312 482 357 manibus,
492 312 643 356 indicat
658 312 868 354 Martialis.

424 369 558 417 calida
570 368 780 424 ‚gelidaque
790 364 947 419 minster
961 400 970 409 .

199 423 344 466 Horat.
359 424 462 467 serm.
476 426 579 467 lib.2.
594 425 745 480 satyr.2.

418 503 672 524 -—--=·,›-·—-
678 484 725 523 N
725 481 814 534 ecsic
828 490 875 523 vt
872 482 1048 537 simplex,
1058 486 1104 524 N
1105 487 1215 526 aeuius
1226 488 1380 531 valiam

424 538 615 593 Conuiuijs
621 538 799 591 prebebit
806 552 945 593 aquam
955 570 966 579 .

196 590 275 636 Vbi
285 595 462 650 praebere
472 609 608 651 aquam
622 595 676 638 est
686 596 874 645 conuiuio
886 597 1072 650 excipere
1084 626 1093 642 2
1115 598 1365 644 Conuiuator
1385 604 1487 643 enim
1503 602 1561 645 'ad
1584 603 1663 647 hoc
1691 605 1774 648 bal-

196 665 307 692 neum
317 651 591 694 calefaciebat.
607 652 731 707 Qod
747 653 913 708 Lyricus
923 654 1052 696 Carm.
1062 651 1126 697 lib.
1131 667 1166 707 3.
1183 656 1280 697 Ode
1297 671 1313 697 1
1323 671 1360 707 9.
1371 657 1483 699 dixit:
1506 662 1658 716 Aquam
1675 673 1769 704 tem-

194 721 335 763 perare
345 710 494 764 ignibus
506 741 515 750 .
529 710 624 752 Hoc
636 710 737 751 idem
748 709 934 749 seruatum
951 709 972 749 a
982 710 1116 763 primis
1130 712 1393 755 Anachoretis
1407 738 1418 758 ²
1429 719 1495 772 qui
1503 716 1675 772 hospites
1689 734 1770 762 non

193 764 312 807 solum
325 768 579 822 excipiebant
589 795 600 811 ,
613 765 843 807 adorabant,
861 762 923 806 sed
941 765 982 806 &
994 769 1116 818 pedes
1131 765 1260 811 lauare
1272 769 1552 815 consueuerant
1565 805 1574 815 .
1587 777 1646 818 Vt
1657 778 1694 815 in
1710 780 1768 816 vi-

195 823 243 863 tis
260 825 413 864 Patrum
425 824 488 864 lib.
498 838 512 864 1
524 837 538 863 1
547 855 555 863 .
567 826 657 863 Cum
669 822 828 875 aliquem
836 822 905 876 fibi
911 820 1318 881 adeffiftnftruntfirui
1330 831 1419 874 Dei,
1432 827 1599 874 continui>
1608 842 1767 883 procur.

191 889 283 921 runt
294 880 437 920 obuiam
446 909 456 924 ‚
465 880 512 923 &
524 879 629 919 velut
638 879 811 932 Angelum
824 882 896 920 Dei
905 882 1127 933 excipientes
1137 881 1299 925 adorant
1306 914 1316 930 ,
1333 886 1444 937 pedes
1455 887 1600 933 lauant,
1624 888 1677 929 ad
1685 902 1769 929 ora.²

191 939 323 976 tionem
335 939 517 981 inuitant,
536 934 693 989 mensium
702 945 866 988 ponunt:
884 945 997 990 atque
1015 941 1138 983 omnia
1143 939 1344 995 secundum
1365 942 1531 984 diuinum
1552 945 1766 987 mandatum

190 992 365 1044 complent
375 992 567 1035 charitatis
579 990 712 1045 officia.
738 992 864 1044 Qod
875 993 977 1042 idem
987 993 1127 1049 legitur
1141 1001 1179 1038 in
1192 1001 1271 1039 vita
1286 1000 1322 1038 S.
1338 998 1546 1055 Apollonij
1562 1034 1572 1044 .

124 1029 161 1080 Β
248 1048 410 1091 Homeri
423 1060 601 1104 tempore
612 1049 770 1104 puellas,
786 1050 828 1091 &
841 1049 1013 1093 mulieres
1027 1052 1206 1097 honestas
1224 1053 1418 1110 hospitum
1429 1057 1551 1114 pedes
1563 1058 1694 1101 lauare
1705 1057 1767 1101 so-

186 1103 276 1146 litas
288 1103 507 1149 obseruauit
516 1106 726 1152 Athenaeus
742 1106 807 1156 lib.
816 1120 846 1148 1.
861 1106 1133 1164 Gymnosoph,
1144 1111 1366 1155 Introduxit
1375 1115 1422 1152 H
1423 1127 1561 1155 omerus
1566 1116 1769 1168 puellan&

187 1163 368 1208 mulieres,
388 1178 466 1219 quae
476 1165 604 1204 lauant
613 1162 768 1218 hospites
782 1187 793 1206 ‚
817 1164 923 1218 quasi
931 1178 1046 1218 neque
1067 1165 1387 1216 inflammationem
1396 1183 1511 1223 neque
1519 1174 1767 1225 intemperan-

186 1222 276 1259 tiam
284 1224 482 1272 patiantur
491 1243 505 1263 ι
517 1234 592 1274 qua
607 1219 695 1260 bene
702 1221 889 1263 vixerunt
900 1234 909 1261 :
919 1224 1076 1277 antiqua
1086 1233 1206 1266 autem
1215 1224 1290 1268 hac
1299 1224 1353 1267 ef?
1364 1226 1576 1281 confitetudo
1585 1261 1594 1270 .
1621 1229 1671 1271 M
1676 1232 1768 1272 emi-

186 1277 246 1316 nit
258 1276 368 1320 huius
380 1277 497 1317 moris
511 1277 674 1325 Homer.
687 1275 868 1332 OdyssI3.

268 1376 270 1379 .
412 1337 555 1376 Interea
566 1333 825 1383 Telemachum
833 1335 929 1376 lauit-
932 1335 1091 1386 pulchra
1100 1337 1305 1394 Polycarte,

182 1392 281 1437 Item
295 1390 400 1437 lib.7.
410 1391 461 1432 de
477 1388 641 1432 Ancillis
653 1390 831 1431 Menelai.
840 1391 964 1437 Addo
976 1392 1138 1446 virgines
1149 1407 1227 1439 non
1240 1393 1361 1438 solum
1377 1396 1517 1444 lauiffe,
1529 1397 1593 1444 sed
1608 1399 1763 1442 ablutos

183 1461 230 1489 vn
236 1447 313 1489 xiss
308 1462 329 1493 e
341 1447 524 1501 pretiosis
535 1450 737 1503 vnguentis
749 1476 756 1486 .
772 1445 877 1488 Idem
891 1447 960 1490 od
962 1447 1026 1503 yss‘.
1033 1462 1067 1503 3.
1081 1453 1193 1491 Porro
1200 1449 1384 1506 pestquam
1395 1454 1762 1511 lauit&vnxitpin·

176 1507 243 1557 gui
252 1505 325 1545 oleo
339 1535 347 1545 .
363 1509 419 1548 Vt
430 1508 542 1547 etiam
559 1506 709 1558 Regum
722 1502 868 1546 filiabus
877 1503 1078 1551 honestum
1091 1505 1206 1549 fuerit
1213 1508 1387 1563 hospites
1396 1514 1433 1552 in
1451 1512 1605 1554 Balneis
1616 1513 1758 1558 lauare.

179 1562 316 1607 Petrus
325 1562 498 1603 Nannius
515 1558 672 1605 Miscell.
683 1559 878 1615 lib-4.cap.
886 1573 919 1612 ς.
934 1563 1063 1616 inquit
1073 1578 1082 1604 :
1094 1564 1206 1608 Certa?
1217 1566 1301 1607 olim
1311 1568 1443 1620 insigne
1439 1567 1550 1620 susse
1559 1571 1662 1623 apud
1667 1574 1764 1612 Gen-

180 1618 255 1656 tiles
266 1621 440 1670 pietatem
449 1621 488 1659 in
499 1616 699 1673 hospitibus
710 1618 952 1670 excipiendis,
966 1620 1035 1661 vel
1041 1621 1125 1661 inde
1128 1631 1235 1674 patet
1247 1653 1256 1668 ,
1275 1625 1376 1678 quod
1390 1625 1570 1673 honestum
1578 1628 1633 1682 sit
1655 1628 1762 1668 habi-

177 1683 256 1714 tum
266 1698 277 1718 ‚
291 1674 431 1730 fifiliae
446 1678 580 1728 Regum
597 1673 753 1730 hospites
761 1677 799 1714 in
810 1674 946 1715 balneis
962 1676 1150 1723 lauarent,
1180 1689 1229 1719 vt
1250 1693 1324 1725 non
1336 1694 1413 1722 vno
1426 1682 1500 1723 loco
1511 1684 1614 1735 apud
1621 1686 1668 1723 H
1669 1697 1764 1725 ome·

175 1744 257 1770 rum
271 1745 490 1773 mue-nimus.

232 1789 348 1829 Hunc
365 1802 509 1829 morem
520 1786 706 1830 abluendi
719 1788 823 1843 apud
844 1788 1039 1830 Hebraeos
1060 1791 1213 1846 viguiffe
1238 1804 1279 1834 vt
1301 1796 1462 1850 virgines
1483 1796 1527 1838 δε
1537 1798 1677 1852 puellae
1692 1797 1770 1840 ser.

103 1860 149 1912 C
175 1858 308 1885 uorum
321 1845 442 1900 pedes
454 1845 679 1886 lauarent&
701 1857 920 1901 tergerent,
934 1857 1044 1901 patet
1066 1862 1097 1889 1.
1114 1850 1278 1903 Reg.c.2
1287 1865 1318 1902 5.
1333 1853 1399 1891 vbi
1411 1864 1551 1894 vocata
1564 1854 1619 1894 est
1633 1854 1761 1898 casta..

173 1901 327 1958 Abigail
339 1905 359 1944 a
369 1900 481 1943 seruis
494 1902 623 1944 Dauid
637 1915 647 1942 :
675 1905 762 1943 Ecce
758 1900 908 1956 stimula
920 1904 1035 1958 mafit
1042 1907 1081 1945 in
1090 1907 1256 1951 ancillam
1270 1936 1281 1952 ‚
1294 1916 1342 1948 vt
1351 1908 1450 1949 lauet
1458 1909 1567 1961 pedes
1566 1909 1761 1965 firuorum

171 1959 324 2001 Domini
334 1961 418 1999 mei.
435 1959 516 2003 Vbi
531 1959 732 2008 Abulenfis
750 1958 880 2014 quaest.
891 1975 904 2000 ι
917 1971 950 2010 ς.

227 2020 272 2061 ln
284 2017 479 2071 primitiua
491 2019 605 2057 etiam
618 2014 786 2057 Ecclefia
799 2015 972 2059 mulieres
987 2017 1137 2059 nobiles
1147 2018 1367 2074 hospitibus
1389 2021 1565 2063 manibus
1588 2022 1661 2064 suis
1684 2039 1756 2080 pe-

173 2070 239 2111 des
255 2073 458 2125 abluerunt
474 2087 484 2113 :
503 2074 606 2114 vnde
617 2071 752 2113 Paulus
766 2073 815 2113 ad
828 2073 1081 2116 Timotheum
1098 2087 1131 2125 ς.
1144 2076 1258 2120 Vidua
1269 2078 1423 2130 eligatur
1435 2092 1507 2118 non
1516 2082 1756 2136 minussbxa-

163 2129 270 2179 ginta
283 2143 475 2173 annorum,
487 2127 690 2183 quaesuerit
699 2131 811 2171 vuius
822 2131 904 2180 viri
914 2143 1019 2184 vxor
1030 2155 1042 2175 2
1070 2135 1110 2181 in
1120 2133 1289 2184 operibus
1303 2134 1404 2174 bonis
1423 2134 1668 2178 testimonium
1681 2138 1752 2178 ha·

169 2184 253 2224 bens
263 2200 275 2231 ς
286 2185 328 2237 li
320 2186 424 2241 filios
435 2186 620 2230 educauit,
627 2183 831 2238 sihospitio.
841 2191 974 2241 recepit
980 2217 990 2233 ,
990 2189 1034 2244 st
1037 2188 1249 2243 stznfionum
1255 2191 1366 2244 pedes
1381 2192 1491 2233 lauit.
1510 2196 1553 2235 In
1571 2208 1684 2250 quem
1695 2194 1756 2236 loo

168 2254 255 2282 cum
271 2242 485 2299 Theophil.
496 2240 879 2297 Chrysost.serm.14.
1067 2288 1069 2291 v
1162 2276 1164 2280 .

224 2300 397 2341 Christus
409 2299 581 2354 hospitio
590 2302 609 2340 a
621 2297 809 2343 Pharisaeo
820 2312 1002 2356 receptus
1014 2306 1272 2358 conqueritur
1293 2306 1423 2356 Luc.7.
1445 2311 1566 2360 Aquas
1591 2308 1749 2360 pedibus

165 2360 250 2396 meis
257 2371 329 2398 non
340 2355 473 2397 dedisti
483 2381 494 2400 ,
516 2357 589 2399 haec
599 2367 718 2397 autem
730 2356 892 2409 lacrymis
905 2361 1042 2412 rigauit
1062 2361 1170 2412 pedes
1193 2375 1302 2403 meos.
1326 2363 1447 2415 Quali
1462 2377 1546 2406 eum
1571 2378 1751 2420 argueret

165 2411 435 2467 hospitalitatis
458 2424 624 2461 vetetem
638 2413 758 2472 legem
775 2426 854 2453 non
866 2414 1082 2459 obseruaffe
1097 2449 1107 2458 .

223 2470 509 2525 Satisfrequens
521 2470 707 2525 fuitapud
720 2481 867 2511 veteres
882 2471 962 2514 vsus
972 2472 1173 2515 osculandi
1186 2475 1361 2531 hospites
1385 2478 1618 2527 accedentes
1640 2481 1683 2520 ὃ(
1706 2495 1744 2520 a-
1775 2498 1922 2536 osculum„

165 2524 352 2567 beuntes.
370 2532 426 2570 lta
437 2529 475 2567 in
488 2526 598 2575 sactis
612 2528 752 2571 litteris
770 2526 925 2582 Moyses
938 2529 1076 2571 socero
1092 2529 1158 2572 suo
1182 2534 1338 2574 obuiam
1361 2534 1580 2588 progreffus
1602 2535 1743 2588 seque)

162 2586 367 2627 incuruans
378 2614 388 2629 ,
406 2599 489 2625 eum
504 2582 691 2627 osculatus
706 2583 772 2626 est»
785 2585 983 2629 Exoms.
996 2586 1086 2629 Esau
1100 2587 1255 2636 fratrem
1265 2588 1366 2632 suum
1380 2591 1567 2632 Iacobum
1583 2592 1749 2633 redeun-

165 2650 240 2684 tem
253 2654 301 2685 ex
315 2640 598 2696 Mesopotamia
617 2638 751 2681 osculo
762 2645 921 2695 excepit
935 2643 1070 2684 Genes.
1076 2657 1095 2694 3
1105 2659 1140 2697 3.
1152 2645 1276 2690 Iacob
1288 2645 1373 2686 suos
1387 2660 1435 2687 ex
1446 2646 1614 2702 Iosepho
1626 2664 1752 2705 nepo-

89 2690 139 2742 D
165 2707 250 2743 tes2
259 2711 357 2751 quos
375 2699 428 2742 illi
443 2698 684 2743 adduxerat,
696 2694 884 2738 osculatus
901 2701 942 2739 δε
957 2701 1189 2755 amplexatus
1202 2701 1290 2744 fuit.
1311 2702 1443 2744 Genes.
1455 2718 1522 2756 49.
1535 2707 1652 2747 Pater
1668 2707 1752 2749 filio

162 2752 334 2808 prodigo
345 2756 519 2797 redeunti
535 2754 701 2795 osculum
714 2754 895 2810 praebuit2
922 2757 965 2798 ὃς
982 2757 1115 2798 Paulus
1137 2760 1186 2800 ad
1205 2761 1405 2811 Romanos
1425 2774 1513 2816 cap·
1532 2777 1564 2804 Ι,
1581 2763 1747 2810 Salutate

162 2813 317 2851 inuicem
329 2814 369 2851 in
384 2812 498 2864 osi-ulo
517 2810 651 2866 fimflo
662 2843 671 2852 .
699 2816 759 2854 lta
777 2811 942 2853 abeunte
956 2815 1078 2854 Paulo
1093 2829 1102 2855 ε
1115 2817 1497 2872 Procumbentesfitper
1510 2819 1637 2860 collum
1646 2822 1751 2862 Pauli

159 2865 413 2921 osi-ulabantur
426 2881 523 2908 eum.
539 2871 597 2910 Ita
610 2871 809 2924 Principes
823 2872 991 2914 Romani
1000 2874 1158 2927 peregre
1172 2872 1389 2928 profecturi
1400 2898 1412 2919 2
1435 2876 1577 2927 &mOK
1593 2877 1743 2921 Vrbem

160 2935 382 2979 repetentes
396 2928 597 2967 Senatores
610 2924 744 2966 osculo
758 2937 865 2966 erant
878 2924 974 2970 soliti
986 2929 1168 2983 accipere
1178 2945 1193 2970 .·.
1216 2942 1257 2980 vt
1278 2936 1319 2979 in
1341 2933 1500 2973 Nerone
1511 2934 1718 2974 Suetonius
1734 2947 1748 2974 .·

158 2982 293 3035 Neque
301 2982 493 3021 adueniens
503 3011 514 3026 ,
532 2995 648 3037 neque
654 2981 880 3038 prczficfiens
891 2997 1108 3040 quemquam
1122 2985 1235 3040 ofiulo
1248 2990 1472 3041 impertiam
1490 3002 1532 3029 ac
1545 3003 1592 3029 ne
1609 2989 1747 3044 refizlu-

158 3040 297 3082 tatione
307 3039 451 3094 quidem
461 3069 470 3079 .
500 3041 562 3086 Sic
573 3038 677 3093 apud
691 3049 839 3080 veteres
851 3039 1024 3094 :primum
1047 3057 1177 3083 manus
1187 3066 1199 3087 ‚
1225 3045 1346 3086 modo
1364 3059 1487 3101 genua
1500 3073 1512 3089 ‚
1535 3045 1656 3086 modo
1678 3061 1741 3087 ve-

157 3094 230 3135 stes
243 3096 455 3149 aliquando
471 3109 691 3151 magnorum
707 3099 874 3138 virorum
889 3098 1076 3152 peoora,
1099 3101 1141 3141 &
1161 3105 1291 3155 capita
1307 3102 1469 3143 honoris
1497 3103 1538 3142 ὃ(
1561 3101 1740 3158 obsequii

157 3154 276 3205 gratia
288 3152 560 3193 osculabantur
570 3186 578 3194 .
600 3153 795 3195 Plutarch.
809 3156 845 3194 in
867 3157 942 3196 vita
969 3156 1080 3197 Bruti
1095 3171 1103 3197 :
1135 3156 1348 3213 Affldentem
1368 3163 1407 3199 C.
1418 3157 1591 3212 Caesc'trem
1612 3161 1743 3199 cinxe-

153 3217 243 3249 runt
251 3206 360 3265 officis
369 3209 490 3252 fludio
499 3240 511 3258 ‚
540 3223 659 3253 omnes
669 3223 746 3270 ‘ono
758 3219 901 3254 orantes
909 3235 922 3257 2
957 3213 1154 3271 manusque
1163 3219 1239 3258 eius
1249 3225 1450 3269 tangentes;
1483 3218 1551 3271 qui
1556 3216 1685 3268 petius
1694 3216 1741 3262 ἀι

1573 3282 1683 3326 caput
