2206 3480
442 90 505 122 20
631 71 735 122 DE
774 66 1084 121 SEPTEM
1127 66 1359 117 ORBIS
1408 66 1890 122 MIRACVLIS.

432 171 559 208 omnia
568 164 800 209 succedere,
829 164 978 218 ignauia
992 162 1122 215 perire
1135 155 1422 199 consiieuerunt
1438 191 1447 199 .
1479 161 1655 201 Romana
1674 160 1913 217 Respublica
1928 175 2038 203 non-2
2067 168 2111 218 A

431 222 518 265 solis
532 226 643 265 armis
664 236 714 263 ex
734 219 896 262 modico
917 220 1274 272 principiomagna
1297 220 1474 272 peregit;
1505 231 1634 258 verum
1649 219 1717 258 alia
1731 219 1830 260 illius
1853 224 2040 274 magnitu-

432 282 561 322 dinem
576 281 817 337 produxere‚
836 274 975 328 nempe
986 273 1092 314 domi
1106 274 1306 317 industria,
1331 272 1778 329 forisiustumimperium
1794 305 1804 319 ‚
1821 282 1963 318 animus
1977 279 2039 317 in..

434 339 674 379 coniulendo
687 336 789 374 liber
803 355 815 375 2
841 345 967 386 neque
978 330 1144 374 delicto,
1169 328 1673 386 nequelibidiniobnoxius
1686 362 1695 377 ,
1713 331 1914 374 &similia.
1936 337 2038 373 Lau-

434 396 530 435 dant
541 407 695 435 caeterae
706 401 839 445 gentes
851 388 1001 429 diuitias
1012 417 1024 434 ‚
1035 387 1245 443 sequuntur
1258 390 1476 428 intertiam:
1505 393 1606 429 inter
1628 390 1755 430 bonos
1771 390 1813 428 &
1826 389 1942 429 malos
1955 390 2037 430 nul-

434 453 513 492 lum
527 450 729 490 discrimen
746 447 816 487 est:
846 446 977 487 omnia
990 446 1139 485 virtutis
1164 447 1320 497 praemia
1333 444 1496 485 ambitio
1523 445 1709 501 possidet.
1743 447 1884 500 Neque
1901 448 2037 489 mirum

436 506 632 549 vtinsanus
645 518 753 545 amor
768 500 1039 559 magnitudinis
1055 532 1066 547 ‚
1091 503 1133 543 ὃς
1154 500 1305 542 infinita
1329 501 1549 544 diuitiarum
1562 503 1712 559 cupido
1728 508 1855 543 omnia
1870 504 1960 544 inde
1973 517 2038 544 au·

433 566 543 605 deat?
557 564 984 618 Aguntunquicunque
998 574 1099 601 noua
1115 562 1280 612 Imperia
1293 562 1482 612 cogitant,
1496 562 1710 613 immodico
1722 562 1956 614 cupiditatis
1967 565 2036 600 im-

431 620 543 677 pulsu
556 635 567 666 ;
581 619 689 675 quod
702 617 768 658 ille
781 617 881 658 dixit
896 621 1070 658 Orator:
1102 618 1144 656 Vt
1156 627 1235 655 vna
1249 618 1377 656 ciuitas
1392 619 1562 656 emineret
1574 647 1584 662 ‚
1595 622 1633 657 in
1646 618 1941 669 humansgeneris
1949 628 2036 669 per·

434 681 560 719 niciem
581 686 690 719 nata,
713 674 833 715 orbem
853 673 1067 728 fiabiugauit
1084 675 1280 713 innoxium
1311 704 1319 713 .
1351 673 1538 714 Homines
1566 679 1637 714 vim
1665 687 1810 715 naturae
1843 673 2035 719 inferunt;

433 740 490 778 ita
501 737 728 790 praecipites
739 731 787 772 ad
799 730 1128 784 explendumlauri
1145 731 1187 770 ὃς
1199 729 1392 770 honorum
1405 731 1628 785 cupidinem
1644 736 1845 787 rapiuntur
1855 744 1866 769 :
1880 731 1922 770 &
1932 736 1968 771 in
1976 742 2035 771 te-

432 790 550 834 r'imin
563 791 694 831 medio
717 790 1007 843 cogitationum
1030 787 1175 827 suarum
1200 789 1429 841 rapiuntur3
1458 790 1499 828 &
1526 787 1779 829 fistitfortuna
1793 786 1961 832 cursum,
1991 788 2034 827 &

434 851 540 906 spem
551 847 774 889 frustratur.
805 846 901 886 Inde
913 847 961 886 ad
975 846 1109 898 ignota
1121 844 1551 890 vocantur-tribunalia,
1576 846 1680 886 nullo
1702 858 1886 902 purpurae
1912 845 1955 883 ὃ(
1980 843 2034 883 la-

436 919 565 949 cernae
579 903 823 945 discrimine.
855 899 1185 944 Nudinascimur‚
1210 901 1515 951 eijcimurnudi,
1539 901 1695 943 sistimur
1717 903 1833 942 nudi:
1867 914 1939 941 nec
1953 899 2030 940 sce-

434 975 528 1022 ptra
543 961 609 1002 hic
626 991 636 1006 ‚
657 973 731 1001 nec
747 959 963 1001 diademata
979 980 989 1000 7
1014 971 1088 999 nec
1099 958 1263 998 fortunae
1277 961 1477 999 mendacia
1492 988 1501 1002 ‚
1527 960 1668 1012 quibus
1690 971 1818 1001 morte
1835 962 2031 1002 exuimur5

435 1019 536 1062 nulla
549 1019 810 1074 praerogatiua
824 1017 1052 1070 dignitatum
1066 1037 1075 1057 2
1088 1015 1261 1069 generis,
1277 1017 1507 1055 eruditionis
1519 1039 1528 1057 ‚
1544 1030 1682 1069 opum.
1719 1017 1822 1057 Haec
1835 1018 1901 1070 qui
1920 1013 2030 1069 cogi·'
2058 991 2095 1039 B

434 1089 515 1122 tat,
531 1078 755 1130 Regnorum
766 1084 895 1126 ponet
907 1075 1180 1128 cogitationes,
1205 1085 1278 1113 nec
1295 1072 1415 1113 aliena
1427 1072 1736 1127 circumspiciet,
1765 1074 1809 1112 ὃς
1824 1081 2031 1112 contentus

437 1139 512 1177 erit
524 1131 594 1174 suis
613 1163 622 1173 .
652 1134 817 1173 Securus
833 1133 924 1170 viuit
940 1129 1107 1186 quisquis
1122 1142 1248 1183 paruo
1259 1140 1468 1171 contentus
1485 1133 1599 1174 viuit;
1614 1134 1759 1184 quique
1771 1129 1976 1184 dignitates
1988 1129 2031 1168 &

437 1205 555 1247 regna
568 1192 784 1230 aeternitate
794 1188 967 1229 metitur:
997 1190 1061 1239 qui
1075 1200 1294 1240 magnorum
1311 1189 1475 1242 Imperia
1493 1187 1670 1227 &exitus
1680 1186 1849 1241 probat;
1864 1198 2028 1240 quorum

437 1247 610 1301 persaepe
634 1244 720 1286 finis
743 1257 816 1283 nec
837 1243 928 1284 vltra
955 1244 1228 1284 duodecimum
1250 1242 1412 1284 mensem
1432 1242 1521 1284 ferri
1537 1242 1589 1283 '&
1608 1244 1747 1284 veneni
1769 1243 1928 1283 vie'iimae
1955 1241 2031 1295 (vt

440 1304 614 1345 referunt
629 1299 819 1352 historiae)
834 1315 931 1353 quos
948 1300 1100 1341 fortuna
1113 1304 1149 1340 in
1169 1315 1216 1340 eo
1229 1299 1376 1340 sublimi
1388 1300 1484 1343 statu
1494 1298 1658 1341 statuisse
1671 1299 1839 1345 videtur,
1849 1308 1890 1340 vt
1905 1297 2032 1338 osten·

441 1360 556 1402 deret
568 1359 662 1414 quid
672 1356 809 1398 summa
820 1360 909 1397 vitia
920 1362 958 1398 in
971 1357 1113 1399 summo
1131 1358 1303 1412 Imperio
1316 1357 1488 1412 possent.

722 1475 839 1551 De
866 1472 1123 1584 septem
1148 1471 1366 1550 Orbis
1383 1469 1728 1550 miraculis
1749 1542 1767 1560 ,

1076 1585 1260 1694 Cap.
1314 1584 1398 1664 V‹

535 1759 629 1800 Lura
645 1758 691 1798 de
704 1757 917 1813 priscorum
931 1759 1198 1798 Romanorum
1212 1757 1485 1812 magnitudine
1498 1758 1605 1797 circa
1618 1758 1835 1811 potentiam
1850 1785 1859 1800 ‚
1883 1756 1924 1796 &
1936 1756 2035 1797 diui-

443 1762 523 1865 P
555 1819 625 1856 tias
639 1816 951 1871 perstrinximus:
974 1815 1094 1866 modo
1108 1816 1159 1854 de
1174 1813 1386 1856 eorundam
1409 1812 1695 1867 magnificentia
1709 1818 1746 1852 in
1761 1813 1931 1867 superbis
1944 1815 2037 1855 aedi-
2059 1823 2104 1871 C

445 1874 549 1924 hcijs
563 1874 604 1913 ὃς
617 1873 880 1914 construendis
893 1872 1054 1912 molibus
1067 1871 1364 1925 prosequamur.
1397 1872 1588 1923 Qaiuuis
1605 1874 1674 1909 viri
1687 1870 1910 1910 eruditione
1923 1871 2039 1911 nobi-

446 1930 498 1971 les
509 1933 640 1970 conati
655 1929 725 1968 {int
739 1927 952 1968 huiusmodi
962 1940 1131 1969 veterum
1147 1927 1402 1969 aedificiorum
1413 1928 1573 1968 odorari
1590 1927 1739 1981 vestigia
1753 1955 1763 1971 ‚
1785 1927 1975 1982 editisque
1987 1926 2038 1967 de

450 1990 683 2041 antiquitate
697 1986 952 2027 voluminibus
963 1984 1057 2025 esuo
1070 1986 1234 2039 puluere
1246 2016 1256 2030 ,
1274 1999 1354 2041 quo
1367 1984 1604 2028 obruuntur,
1625 1984 1687 2024 illa
1702 1985 1874 2024 excitare
1889 2001 1896 2024 :
1925 1984 2037 2025 nobis

449 2058 545 2084 vero
559 2046 705 2084 minora
722 2041 980 2084 eruditionum
996 2042 1172 2097 praefidi'a
1186 2042 1332 2083 sortitis
1344 2070 1353 2087 ,
1372 2042 1581 2082 timendum
1595 2041 1666 2085 est,
1678 2054 1725 2080 ne
1736 2039 1964 2095 sepultarum
1978 2055 2039 2081 re·

448 2114 529 2142 rum
546 2105 874 2140 commentatione
887 2100 1017 2154 operis
1034 2098 1152 2139 nostri
1167 2100 1363 2140 interitum
1389 2112 1637 2153 auguremur;
1657 2097 1841 2139 videlicet
1856 2112 1901 2139 ne
1916 2097 2040 2140 miseri

451 2159 542 2199 dum
556 2161 731 2212 peritura
749 2158 954 2196 tractemus
967 2185 976 2200 ,
990 2168 1077 2195 cum
1093 2156 1167 2194 illis
1181 2159 1262 2194 cito
1276 2154 1488 2196 dilabamur
1502 2187 1510 2195 .

501 2217 693 2255 Romanae
705 2212 825 2254 Vrbis
838 2212 964 2268 gloria
978 2212 1004 2253 si
1022 2226 1108 2252 cum
1125 2211 1314 2251 miraculis
1330 2233 1341 2254 2
1363 2221 1478 2266 atque
1493 2211 1772 2251 celebrioribus
1784 2212 1944 2253 vniuerfi
1960 2223 2035 2252 cern

444 2285 571 2313 rarum
583 2270 689 2312 orbis
702 2269 878 2320 aedificijs
894 2267 1134 2312 conferatur,
1151 2270 1311 2309 maxima
1325 2268 1541 2312 videbitur;
1562 2278 1674 2321 atque
1685 2269 1727 2306 id
1743 2267 1796 2306 ob
1809 2270 1949 2308 oculos
1959 2282 2034 2321 po-

446 2329 614 2370 nendum
627 2357 638 2372 ‚
653 2339 695 2368 vt
709 2325 1057 2367 nullasanoleecori
1069 2324 1258 2377 superesse
1270 2323 1387 2380 poffit
1403 2324 1608 2364 dubitandi
1620 2328 1718 2363 ratio
1729 2355 1737 2363 .
1771 2324 1913 2364 Sileant
1925 2329 2039 2379 igitur

445 2384 591 2440 septem
605 2384 666 2425 illa
681 2395 769 2425 toto
783 2395 969 2424 terrarum
983 2384 1080 2424 orbe
1096 2383 1307 2423 decantata
1320 2380 1597 2423 ‘aedificiorum
1615 2381 1822 2421 miracula:
1845 2382 2040 2437 quidquid

445 2442 552 2483 certe
563 2452 696 2482 cantat
708 2442 921 2494 antiquitas
934 2454 1020 2480 cum
1036 2442 1221 2480 Romanis
1236 2438 1398 2478 molibus
1413 2437 1591 2478 collatum
1604 2461 1615 2480 2
1636 2442 1823 2493 tugurium
1836 2449 1939 2483 erat,
1957 2452 2035 2478 non

441 2499 625 2555 palatium
637 2513 646 2544 3
658 2498 776 2539 breue
789 2496 1061 2542 sacellum,non
1073 2497 1271 2551 templum
1283 2494 1475 2550 syluestres
1488 2494 1696 2535 belluarum
1711 2509 1852 2540 caueae,
1863 2509 1941 2535 non
1958 2509 2036 2535 am-

442 2555 682 2611 phitheatra;
711 2557 958 2595 animantium
972 2555 1154 2597 cuniculi,
1173 2567 1247 2593 non
1264 2557 1467 2607 porticus:
1492 2566 1568 2592 vno
1583 2552 1706 2592 verbo
1724 2550 2037 2592 tenebricosum..

442 2624 528 2653 erat
542 2614 734 2668 quidquid
753 2613 931 2651 Romana
946 2612 1012 2651 lux
1028 2624 1104 2650 non
1130 2609 1340 2650 illustrabat
1354 2639 1363 2653 ,
1389 2609 1581 2664 quidquid
1608 2612 1644 2648 in
1663 2608 1768 2648 Vrbe
1785 2623 1861 2647 non
1877 2608 2037 2648 extolle-

442 2669 577 2710 batur.
613 2671 768 2723 Septem
784 2668 1054 2708 tantummodo
1070 2667 1265 2722 appellata
1279 2665 1382 2707 fuisse
1402 2665 1633 2706 fabricarum
1658 2663 1843 2704 miracula
1865 2664 2036 2707 referunt

439 2723 557 2781 prisci
570 2723 926 2779 saeculiscriptores.
942 2724 1131 2779 Ephefincg
1148 2724 1320 2764 nimirum
1336 2724 1470 2762 Dianae
1487 2722 1698 2776 Templum:
1714 2724 1829 2776 Regis
1845 2720 2034 2763 Mausolei

406 2808 408 2811 »
439 2791 746 2825 monumentum,
760 2783 783 2820 a
801 2794 880 2836 quo
898 2783 939 2821 &
955 2779 1151 2821 Mausolea
1170 2781 1269 2820 dieta
1284 2778 1389 2820 sunt:
1406 2781 1506 2818 louis
1524 2777 2032 2832 Olympicifimulacrum...‚

439 2839 550 2895 quod
565 2837 731 2893 Phydias
744 2842 886 2892 primus
901 2838 1092 2878 artificum
1105 2836 1226 2876 ebore
1239 2861 1250 2880 ‚
1273 2850 1444 2890 auroque
1465 2835 1664 2876 formauit:
1692 2838 1786 2889 Cyri
1815 2835 2030 2876 Medorum

438 2898 558 2950 Regis
574 2895 731 2935 domum
743 2897 762 2934 a
779 2895 993 2935 Memnone
1013 2904 1093 2934 arte
1109 2894 1272 2948 prodiga
1285 2894 1437 2946 illigatis
1449 2907 1544 2933 auro
1569 2891 1762 2946 lapidibus
1776 2891 2030 2932 fabricatam:

434 2949 664 3008 Babyloniae
676 2965 803 2991 muros
817 2974 828 2994 ‚
843 2965 941 3005 quos
956 2953 1166 2992 Semiramis
1182 2950 1461 3004 Reginalatere
1473 2950 1592 2990 costo
1604 2972 1614 2992 2
1627 2948 1827 3004 sulphure»
1846 2947 2030 3003 ferroque

434 3009 669 3050 construxit:
695 3008 832 3048 Rhodi
846 3008 942 3048 Solis
957 3021 1103 3047 aeneum
1119 3004 1255 3060 signum
1269 3037 1279 3052 ‚
1297 3006 1403 3061 quod
1417 3005 1597 3047 Coloffus
1610 3006 1848 3046 vocabatur:
1863 3005 2032 3059 Pyrami-

435 3065 504 3105 des
521 3067 557 3105 in
575 3069 761 3121 Aegypto
774 3096 783 3105 .
814 3065 1107 3120 Adduntaliqui
1120 3064 1270 3104 Turrim
1284 3067 1321 3103 in
1338 3063 1416 3104 Pha
1425 3077 1468 3103 ro
1480 3062 1726 3105 Alexandriae
1738 3059 1852 3101 insula
1866 3089 1876 3105 ‚
1902 3062 1922 3101 a
1934 3062 2028 3103 Pto-

433 3120 569 3162 lemaeo
589 3124 695 3177 Rege
708 3125 916 3162 excitatam
931 3152 939 3161 .

433 3180 480 3221 Et
494 3179 648 3234 quidem
663 3178 831 3222 aedificia
844 3179 973 3219 omnia
987 3179 1006 3218 a
1021 3176 1140 3218 tribus
1154 3177 1299 3218 laudari
1315 3176 1618 3220 consueuerunt3
1642 3174 1691 3215 ab
1717 3173 1923 3216 altitudine
1949 3177 2032 3229 pri-

1845 3243 1944 3272 mum
1955 3253 1967 3276 2
