2206 3480
416 73 444 113 6
601 59 705 113 DE
745 55 1069 111 ROMAN.
1109 56 1356 108 VIRIB.
1397 56 1547 110 SEV
1586 59 1882 114 POTEN.

431 171 594 213 rumque
620 168 729 198 trans
748 154 975 196 Danubium
1003 160 1088 192 tota
1103 148 1232 191 Dacia
1253 150 1387 192 addita
1402 149 1451 192 ad
1468 165 1572 192 mare
1585 150 1787 194 Rubrum:
1817 151 1898 194 hoc
1921 154 2031 209 quod
2060 156 2098 206 A

433 215 592 258 Tacitus
608 214 743 256 laudat
756 213 797 254 in
808 210 985 252 Tiberio:
995 208 1146 248 Ventum
1155 205 1209 247 εὲἳ
1215 207 1269 247 ad
1275 207 1556 261 Elephantinen,
1567 207 1615 252 ἐν
1631 209 1772 252 stenen,
1783 208 1932 260 claustra
1947 211 2030 251 olim

430 274 590 315 Romani
597 270 754 326 Imperij
761 293 773 312 ‚
787 266 891 322 quod
905 278 1000 307 nunc
1011 263 1178 304 Rubrum
1187 263 1240 304 ad
1245 277 1346 305 mare
1353 264 1508 321 patestit
1521 297 1529 305 .
1555 264 1666 307 Hinc
1678 264 1912 308 Claudianus
1929 297 1937 305 .

656 325 828 369 Subdidit
852 327 1034 364 Oceanum
1041 318 1200 377 fieptris
1209 350 1221 365 ,
1245 320 1293 366 &⁴
1316 325 1480 375 margine
1500 322 1576 364 caeli

657 381 794 437 Clausit
815 391 919 434 opes:
950 387 1131 434 quantum
1149 375 1282 428 dstant
1305 378 1331 418 ἃ
1350 379 1505 433 Tigride
1518 380 1656 429 Gades,

658 442 762 482 Inter
775 436 820 494 je
835 436 979 478 Tanais
1000 445 1179 491 quantum
1192 458 1205 479 7
1229 435 1415 491 Nilusque
1433 437 1651 493 relinquunt
1665 470 1676 480 .

447 501 535 555 Qui
548 511 643 541 vero
658 495 803 537 deinde
816 493 998 551 praedicti
1009 495 1167 548 Imperii
1183 492 1344 534 claustra
1355 493 1554 538 laxarunt,
1566 495 1608 536 id
1621 509 1762 550 magno
1772 498 1828 536 rei
1842 496 2034 537 Romanae

439 558 544 601 malo
558 550 826 610 expertisunt:
843 565 931 593 cum
941 560 1088 592 tantum
1102 553 1311 605 Imperium
1323 551 1467 592 deinde
1481 550 1581 592 mole
1595 549 1658 593 sua
1668 551 1888 593 dissolutum
1904 551 1969 594 fit.

487 616 689 668 Quoniam
704 610 797 652 fines
811 610 982 650 Romani
998 610 1155 664 imperij
1167 621 1246 648 non
1260 605 1377 648 solum
1391 608 1690 653 mari‚amnibus‚
1701 609 1900 651 montibus
1915 607 2035 651 claufi

433 685 481 715 ac
494 670 634 713 muniti
649 677 782 713 etant;
806 663 870 708 sed
885 667 928 707 &
938 667 1093 720 copijs:
1112 664 1229 706 &has
1240 676 1475 720 perpetuum
1490 664 1645 706 militem
1661 665 1838 721 intelligo
1851 696 1862 712 ‚
1893 669 1960 722 qui
1985 665 2037 708 ad

430 728 590 773 tutelam
605 727 763 782 Imperij
782 738 832 766 ex
854 722 1029 764 instituto
1041 721 1199 777 Augusti
1216 720 1311 764 fuit:
1329 735 1424 778 quas
1447 726 1583 779 copias
1606 721 1784 779 triplices
1795 721 1960 765 extitiffe
1974 736 2038 764 re-

433 790 551 844 perio
567 809 579 831 ,
590 782 834 828 Prouinciales
844 804 855 825 ‚
870 779 1037 821 Vrbanas
1052 809 1064 824 ,
1074 777 1262 835 Clafficas.

186 877 361 911 mumma
369 885 383 906 e
384 885 409 905 θ’
491 847 557 888 Ex
570 838 861 884 Prouincialibus
873 839 1002 893 copijs
1019 849 1029 882 ;
1041 840 1094 877 ita
1108 836 1210 878 ordo
1225 838 1268 879 δι
1282 835 1478 894 dispositio
1492 836 1568 879 fuit
1578 867 1589 885 ,
1609 846 1652 880 vt
1661 837 1857 880 limitanea
1870 837 1960 879 loca
1973 840 2042 878 mi-

185 923 248 961 pia.
435 902 543 945 litem
558 899 750 941 haberent
764 926 775 942 ,
799 896 992 937 interiora
1008 894 1076 936 vix
1090 892 1282 936 haberent
1297 898 1405 937 circa
1417 899 1582 937 moenia:
1607 894 1863 938 cohaerebant
1879 907 2039 936 autem..

436 960 658 1018 prouinciae
681 956 868 1009 ;ideoque
885 950 1105 1008 &legiones
1116 965 1190 1006 per
1199 951 1387 994 cohortes
1397 952 1476 994 suas
1490 954 1532 994 δε
1549 952 1622 994 alas
1636 951 1769 1007 sparsae
1782 982 1794 997 ,
1805 953 1847 993 ἃ
1860 956 1965 994 inter
1974 949 2035 993 se:

438 1020 601 1060 vicinae:
630 1015 723 1055 hinc
737 1015 898 1052 Tacitus
917 1024 949 1051 1.
960 1009 1102 1051 Annal.
1115 1010 1280 1061 Legiones
1290 1039 1301 1055 ,
1327 1013 1554 1054 Prouincias,
1578 1008 1706 1066 Claffes
1716 1033 1727 1053 ‚
1748 1011 1874 1050 cuneta
1884 1012 1981 1049 inter
1996 1007 2041 1060 st:
2065 1004 2100 1053 B

440 1086 624 1116 connexa.
641 1072 683 1111 ὃ(
693 1072 854 1110 sueton.
869 1070 932 1108 Ex
946 1065 1170 1108 militaribus
1181 1068 1291 1122 copy's
1304 1067 1456 1120 legiones
1469 1066 1515 1111 ὼ
1524 1069 1674 1108 auxilia
1693 1069 1973 1120 prouinciarum
1986 1065 2044 1105 di-

437 1130 601 1173 §tributa
618 1158 626 1166 .
646 1126 726 1169 Sub
738 1125 911 1182 Augusto
928 1125 971 1165 &
986 1124 1148 1165 Tiberio
1163 1127 1474 1180 vigintiquinque
1491 1124 1662 1180 legiones
1672 1121 1835 1167 fuerunt,
1845 1137 1893 1165 ex
1909 1124 2041 1163 Dione

442 1190 487 1230 ἀ
500 1188 773 1239 Tacito,.quae
797 1182 933 1239 postea
954 1180 1022 1222 sub
1035 1183 1208 1222 Traiano
1228 1182 1270 1222 &
1292 1179 1472 1224 Adriano
1488 1193 1679 1223 auxerunt
1690 1182 1741 1222 ad
1755 1183 1914 1236 triginta
1931 1181 1973 1220 ὃς
1987 1179 2046 1219 vl-

442 1256 528 1286 tra:
547 1243 611 1286 sed
623 1240 903 1283 mutabantillae
919 1238 1132 1294 aliquando
1146 1268 1156 1283 ‚
1171 1238 1214 1280 &
1229 1239 1283 1280 ob
1293 1237 1422 1280 causas
1437 1238 1516 1280 huc
1528 1248 1644 1295 atque
1655 1238 1747 1279 illuc
1759 1237 1892 1282 ibant,
1907 1251 1956 1278 ex
1968 1238 2048 1276 Ta-

443 1306 526 1343 cito
538 1304 577 1341 in
587 1314 618 1348 4
631 1298 775 1341 Annal.
787 1297 901 1351 Apud
907 1295 1036 1336 idonea
1045 1297 1335 1348 prouinciarum,
1340 1296 1461 1351 socias
1474 1299 1648 1342 triremes,
1664 1295 1711 1340 &⁴
1725 1295 1814 1339 alas,
1831 1295 2052 1347 auxiliaque

445 1359 650 1401 cohortium
668 1378 681 1399 ‚
700 1367 764 1395 nec
789 1354 902 1394 multo
916 1351 1020 1407 secus
1038 1357 1077 1393 in
1100 1353 1144 1406 ᾗς
1168 1355 1309 1393 virium
1319 1349 1450 1411 fuiſje:
1470 1350 1540 1412 sed
1557 1352 1727 1409 persequi
1747 1355 1922 1393 incertum
1938 1349 2025 1403 flzit
2038 1372 2052 1392 ²

447 1429 527 1457 cum
540 1427 591 1456 ex
601 1410 676 1466 vsu
687 1414 858 1464 temporis
867 1410 939 1450 huc
950 1410 1036 1451 illuc
1045 1418 1208 1450 mearent
1218 1440 1227 1455 ‚
1245 1410 1434 1463 gliscerent
1444 1423 1593 1450 numero
1606 1440 1618 1455 ,
1635 1412 1681 1454 ὠ
1696 1410 1896 1463 aliquando
1912 1413 2053 1448 minue-

446 1481 579 1514 rentur
591 1502 600 1512 .
627 1469 826 1525 Siquidem
840 1481 919 1508 non
934 1471 972 1507 in
984 1481 1144 1508 numero
1157 1464 1274 1509 solum
1285 1496 1296 1513 ‚
1312 1465 1378 1509 sed
1401 1470 1440 1508 in
1459 1467 1607 1509 robore
1631 1468 1676 1507 &
1689 1468 1816 1507 animo
1826 1466 2056 1506 vistoriam„

447 1530 543 1571 stare
567 1527 739 1568 Romani
754 1522 989 1582 potiffimum
1005 1523 1257 1566 crediderunt
1276 1538 1287 1565 τ
1310 1528 1494 1580 quoniam
1512 1538 1590 1564 non
1606 1526 1695 1566 raro
1715 1525 1838 1564 exitio
1855 1520 1925 1563 su1's
1937 1522 2054 1562 etiam

445 1584 658 1631 multitudo
669 1581 766 1628 fuit3
790 1583 834 1623 &
847 1585 1058 1637 pauciores
1068 1586 1212 1623 certius
1224 1583 1390 1637 imperia
1404 1580 1614 1636 aliquando
1625 1579 1856 1637 sequuntur.

203 1658 280 1698 capia
289 1655 411 1697 urbanas.
506 1643 650 1700 Copiae
662 1639 832 1682 Vrbanae
846 1638 1003 1681 fuerunt
1014 1669 1024 1684 ,
1045 1653 1133 1695 quae
1148 1638 1275 1680 sedem
1292 1639 1431 1680 Rornae
1445 1638 1688 1682 habuerunt,
1706 1650 1750 1678 ac
1764 1639 1879 1678 etiam
1895 1638 2051 1677 Princi-

449 1715 538 1757 pem
550 1703 589 1741 in
605 1714 651 1739 ea
664 1709 867 1739 tuerentur
879 1727 890 1743 ‚
917 1708 961 1739 vt
987 1696 1031 1737 &
1053 1695 1172 1753 ipsam
1199 1696 1347 1737 Vrbem
1361 1728 1370 1737 .
1384 1697 1574 1750 Principis
1598 1694 1783 1736 custodiae
1795 1693 1938 1749 triplex
1951 1692 2056 1734 miles

450 1758 542 1801 fuit:
563 1758 780 1798 Praetoriani
788 1784 799 1800 ‚
813 1756 967 1797 Euocati
980 1777 994 1798 ‚
1007 1756 1160 1796 Bataui.
1171 1754 1400 1795 Praetoriani
1414 1763 1539 1794 autem
1551 1750 1625 1793 flos
1638 1753 1797 1793 militum
1808 1750 1890 1792 fide
1907 1780 1918 1796 ,
1932 1750 2056 1790 robo-

451 1830 494 1858 re
505 1840 515 1860 ‚
528 1817 566 1856 in
585 1827 727 1855 nouem
738 1811 930 1853 cohortes
940 1810 1051 1852 diuifi
1065 1814 1115 1853 ab
1124 1810 1319 1867 Augusto;
1330 1814 1501 1866 quamuis
1517 1803 1602 1851 Dio
1612 1809 1748 1859 lib.54.
1761 1807 1895 1849 asserat
1908 1822 1918 1848 .·
1930 1806 2061 1849 Cufio-

457 1872 519 1914 des
533 1873 691 1924 corporis
699 1868 842 1923 Augusti
850 1869 968 1910 decem
981 1869 1078 1909 mille
1085 1878 1193 1909 erant
1207 1883 1217 1913 ;
1234 1877 1348 1923 atque
1363 1867 1406 1908 hi
1423 1870 1463 1908 in
1481 1866 1599 1907 decem
1608 1865 1778 1907 cohortes?
1786 1864 1913 1918 diufi.
1935 1864 2059 1904 Cuius
2086 1837 2132 1889 C

456 1928 626 1973 instituti
639 1927 856 1983 exemplum
866 1923 967 1966 suita
980 1926 1178 1976 Praetorijs
1194 1924 1430 1966 cohortibus
1440 1926 1478 1965 in
1491 1927 1667 1965 exercitu
1679 1953 1688 1967 ,
1700 1937 1785 1979 quae
1798 1923 1846 1964 ad
1864 1921 2056 1963 tutelam..

457 1995 573 2028 erant
588 1985 868 2040 Imperatoris:
884 1994 995 2023 erant
1008 1985 1034 2033 ij
1051 1995 1174 2037 quoq;
1185 1981 1304 2037 stirpe
1322 2009 1336 2026 ‚
1359 1981 1402 2022 &
1421 1980 1542 2023 domo
1554 1982 1683 2033 eximij
1700 1994 1709 2021 :
1736 1978 1993 2029 nefflestinifi
2008 1991 2058 2019 ex

453 2046 632 2090 Etruria,
659 2039 846 2084 Vmbria,
863 2040 1003 2083 Latio,
1024 2040 1067 2078 &
1085 2038 1257 2090 colonijs
1288 2038 1714 2095 antiquituisomanis
1732 2051 1741 2078 :
1760 2037 1801 2078 ὅ(
1820 2038 1914 2078 ideo
1938 2035 2056 2076 Otho

459 2100 728 2157 Imperatorijs
739 2095 943 2138 blandiens
957 2119 968 2137 ,
992 2096 1037 2135 δε
1051 2099 1090 2136 in
1100 2099 1301 2136 concione
1312 2095 1515 2151 alloquens
1528 2096 1635 2152 apud
1651 2098 1834 2137 Tacitum
1850 2108 1882 2135 1.
1896 2093 1981 2134 hist.
1996 2093 2058 2133 in·
2161 2114 2178 2122 r

462 2162 550 2216 quit
565 2172 575 2198 ·.
590 2156 707 2198 Italia
719 2154 861 2194 alumni
872 2177 884 2198 ‚
909 2153 956 2196 ό·
975 2154 1144 2192 Romana
1157 2151 1249 2192 vere>
1259 2155 1428 2192 iuuentus
1440 2181 1450 2192 .
1472 2156 1566 2194 Erat
1577 2166 1621 2194 au
1628 2163 1705 2193 tem
1715 2148 1885 2193 officium
1898 2151 2051 2191 Praeto-

463 2220 662 2259 rianorum
673 2211 824 2254 Vrbem
838 2213 961 2252 tueri:
983 2220 1113 2250 motus
1124 2208 1308 2250 &turbas
1323 2207 1450 2263 plebis
1462 2222 1672 2249 coercere:
1690 2209 1810 2250 nostu
1833 2212 1940 2249 circa
1959 2218 2056 2246 tem⁴

465 2273 544 2330 pla,
557 2270 642 2312 fora
652 2294 663 2314 ‚
677 2267 852 2310 bafilicas
866 2265 1087 2308 excubare:
1108 2266 1288 2307 stationes
1299 2279 1411 2321 agere
1426 2274 1566 2306 contra
1577 2262 1804 2319 graffatores
1821 2266 1863 2304 &
1874 2264 2030 2305 ficarios
2045 2276 2055 2301 :

472 2335 648 2382 itemque
658 2323 851 2368 Praefesto
863 2324 979 2367 Vrbis
990 2337 1183 2378 apparere
1192 2352 1204 2368 .
1227 2337 1276 2364 ex
1286 2322 1428 2364 Tacito
1437 2322 1504 2364 lib.
1510 2336 1545 2377 3.
1561 2320 1691 2362 histor.
1706 2320 1777 2375 Esse
1786 2320 1842 2361 illi
1855 2322 2054 2376 proprium

469 2387 620 2428 militem
632 2383 835 2425 cohortium
849 2380 1101 2422 Vrbanarum:
1122 2393 1187 2421 nec
1194 2378 1384 2431 defleturas
1396 2380 1546 2432 Vigilum
1556 2378 1735 2422 cohortes,
1748 2377 1826 2421 &a

526 2442 661 2488 Altera
673 2453 763 2496 pars
775 2439 933 2481 militum
945 2437 1201 2480 Vrbanarum2
1211 2439 1377 2478 Euocati
1388 2435 1656 2481 dicebatur‚de
1669 2435 1809 2491 quibus
1821 2435 1900 2475 Dio
1913 2434 1979 2475 lib.
1990 2447 2055 2484 54.

470 2502 619 2557 inquit:
641 2498 809 2541 Euocatis
816 2493 985 2548 Augustus
994 2496 1058 2533 vti
1068 2496 1142 2534 iam
1152 2503 1305 2546 coeperat
1316 2496 1356 2534 in
1377 2495 1577 2535 Antonium
1601 2493 1705 2537 olim,
1729 2493 1855 2548 eosque
1872 2492 1918 2535 &
1929 2489 2058 2544 postea

459 2557 654 2613 seruauit:
671 2553 764 2610 sunt
782 2562 901 2594 autem
919 2550 1100 2606 hodieque
1116 2553 1272 2602 propria
1288 2549 1451 2604 quadam
1466 2579 1476 2594 ,
1495 2549 1542 2592 ὠ·
1557 2547 1734 2604 separata
1760 2561 1911 2589 ananus.
1931 2546 2059 2599 Qod

472 2615 680 2656 Suetonius
691 2613 736 2653 in·
744 2610 873 2652 Galba
884 2612 1031 2664 inquit:
1053 2604 1221 2660 Delegsse
1231 2621 1311 2648 eum
1335 2604 1500 2662 equestris
1510 2606 1647 2647 ordinis
1655 2608 1799 2646 iuuenes
1810 2628 1822 2649 ‚
1835 2608 1901 2659 qui
1909 2617 2058 2645 manen-

473 2679 510 2712 te
519 2683 710 2711 aureorum
724 2668 942 2709 annulorum
951 2665 1040 2722 νβ,
1060 2666 1212 2705 Euocati
1218 2663 1511 2717 appellarentur,
1529 2662 1775 2720 excubiaffizie
1799 2665 1893 2702 circa
1913 2661 2056 2702 cubicu-
2084 2674 2133 2727 D

472 2728 547 2768 lum
552 2726 661 2780 situm
673 2727 758 2766 vice
768 2724 923 2765 militum
934 2731 1080 2776 agerent
1091 2753 1101 2763 .

532 2783 662 2834 Tertii
682 2782 837 2823 ordinis
859 2790 969 2821 erant
992 2779 1133 2820 Bataui
1154 2782 1304 2834 equites
1315 2802 1327 2823 ‚
1349 2775 1579 2834 peditesque
1595 2791 1605 2819 :
1632 2778 1675 2818 &
1698 2775 1747 2818 de
1759 2776 1816 2816 his
1830 2777 1912 2818 Dio
1927 2790 1936 2816 .·
1966 2777 2062 2816 Sunt

475 2839 655 2885 &exteri
662 2841 799 2894 equites
804 2837 933 2893 seleHi
942 2859 953 2879 ‚
973 2835 1104 2890 quibus
1124 2838 1346 2877 Batauorum
1357 2849 1485 2876 nomen
1497 2834 1558 2889 efl,
1569 2834 1680 2891 'g'jque
1689 2835 1881 2888 equitandi
1886 2827 2058 2886 peritffl·

473 2899 527 2938 mi
539 2925 550 2934 .
577 2896 666 2936 Hos
681 2906 809 2936 autem
825 2896 992 2936 Batauos
1003 2892 1165 2933 maxime
1174 2890 1281 2933 fuisse
1292 2922 1303 2938 ,
1317 2897 1383 2948 qui
1398 2906 1446 2933 ex
1459 2891 1616 2933 Geldria
1626 2890 1929 2934 accerserentur;
1945 2901 2061 2930 nam-‚2

473 2951 587 2995 inferi
598 2952 649 2994 ad
661 2967 762 2993 mare
778 2955 868 3006 equi
879 2954 962 3006 apti
978 2964 1057 2990 non
1070 2947 1175 2990 sunt.
1203 2949 1293 2990 Hos
1314 2953 1474 2991 Tacitus
1500 2952 1612 2990 etiam
1635 2950 1855 2990 Germanos
1870 2945 2058 3001 appellat:

477 3012 569 3050 dum
584 3007 702 3052 refert
715 3010 826 3064 quod
842 3007 976 3048 Galba
989 3029 1000 3050 2
1014 3009 1276 3047 Germanorum
1288 3006 1469 3047 cohortem
1481 3036 1490 3051 ‚
1510 3005 1717 3046 institutam
1730 3009 1803 3045 iam
1817 3004 1899 3043 olim
1908 3003 1932 3041 d
1942 3001 2060 3056 (Σαβι-

475 3066 577 3105 ribus
586 3067 638 3108 ad
643 3065 842 3107 custodiam
855 3065 1016 3117 corporis
1023 3087 1034 3107 ‚
1045 3063 1093 3106 ὠ
1102 3063 1223 3103 multis
1232 3066 1492 3116 experimentis
1488 3062 1722 3119 fidissimam
1734 3060 1800 3114 ἀφ’
1799 3060 1887 3101 oluit
1896 3082 1908 3103 2
1930 3057 2062 3111 &stne

475 3121 562 3162 vffik
572 3122 760 3163 commodis
771 3122 905 3177 remisit
914 3123 953 3161 in
962 3122 1127 3173 patriam
1139 3149 1147 3158 .
1384 3167 1388 3172 ⁵

532 3178 645 3220 Pacis
657 3183 781 3227 iuxta,
795 3192 841 3222 ac
855 3177 945 3221 belli
957 3188 1134 3233 tempore
1147 3177 1314 3220 Romani
1327 3177 1476 3236 semper
1488 3177 1643 3219 alebant
1654 3175 1867 3217 exercitum
1877 3203 1887 3217 ,
1910 3172 1985 3271 silue
2001 3164 2077 3214 ins‘

1841 3242 1926 3273 tute
1947 3244 2004 3272 am
