2206 3480
336 116 1185 194 DE·8113YLL18.2EARVMQ⁷E
1222 124 1592 180 ORACVLIS.
1680 150 1777 191 377

112 208 155 261 Α
194 221 461 255 tentamentum
466 212 619 266 pudoris
627 211 698 254 esi.
721 216 901 270 Ponamus
910 222 1033 256 tamen
1038 214 1202 272 fi‘ffidfa
1214 217 1427 269 largitatum
1439 217 1655 271 cordes-enda
1670 225 1786 279 Virgi-

191 270 299 312 nibus
310 302 320 313 .
337 269 441 329 Qe
447 269 671 313 Christianis
681 284 833 312 munera
844 271 1102 313 redundabunt
1122 295 1134 315 2
1159 274 1262 329 quod
1279 283 1402 315 tantas
1416 287 1497 329 opes
1509 276 1668 331 siafficiet
1692 297 1788 325 ara.

191 330 289 369 rium
300 336 316 369 ?
336 334 412 370 Aut
419 327 464 384 ſs
476 326 711 369 arbitrantur
709 326 799 384 solis
810 328 1007 370 Vestalibus
1015 329 1269 383 conferendum
1277 353 1289 374 2
1300 345 1373 372 non
1379 333 1512 385 pudet.
1528 345 1577 374 vt
1590 340 1784 390 quitatum

181 383 331 443 fibisteb
345 383 630 438 Imperator-ibus
642 385 846 425 Gentilibus
856 386 1116 429 vendicarunt,
1126 387 1310 442 gjidemfieb
1322 390 1550 445 Principibus
1558 392 1785 439 Christianis

192 451 404 495 nonputenr
411 440 653 496 nobissbrtem
665 440 793 482 debere
799 441 860 495 esse
869 455 1089 482 communem
1100 474 1111 483 .
1121 443 1230 496 JHaec
1238 472 1250 489 ,
1264 445 1307 486 &
1319 444 1389 488 ali'a
1403 448 1675 504 qumbrofius
1685 481 1698 493 .

243 498 371 544 Etista
383 496 435 540 de
449 497 673 553 Virginibus
684 498 901 543 Vestalibus
911 498 994 541 satis
1006 497 1078 540 lint
1091 512 1268 543 enarrata
1282 530 1292 543 .

383 615 503 696 De
523 611 793 728 Sibyllis
814 616 1202 724 earumque
1223 615 1556 701 'Oraculis'
1580 688 1594 701 .

776 728 966 840 Cap.
1030 727 1160 810 lV.
1240 816 1242 819 ,
1478 765 1480 768 ’

304 896 440 942 males
453 899 634 955 quoniam
653 897 841 940 Ethnicas
856 921 867 942 2
880 899 923 939 &
933 898 1115 954 Virgines
1127 896 1231 943 fuiffe
1244 897 1328 941 satis
1342 901 1505 944 vidimus
1517 918 1528 950 ;
1543 903 1655 949 lubet
1667 909 1782 952 etiam

318 956 368 997 de
383 955 538 1012 Sibyllis
548 953 692 997 referre
705 979 716 1000 ι
733 970 826 1011 quas
841 970 889 997 ex
899 956 1115 998 Gentilibus
1126 969 1252 1002 natas.
1284 959 1327 999 &
1349 963 1388 1000 in
1412 963 1644 1016 virginitate
1657 964 1783 1007 serua-

181 1017 238 1050 tas
252 1014 432 1056 omnibus
442 1014 520 1056 fere
532 1010 762 1055 innotesci&
779 1013 1014 1056 Earumlibri
1029 1015 1135 1070 apud
1147 1019 1367 1059 Romanum
1384 1019 1575 1074 Populum
1595 1033 1703 1064 tanta
1715 1038 1782 1064 ve-

118 1047 159 1099 Β
181 1074 383 1113 neratione
394 1070 548 1113 fuerunt
558 1091 570 1114 2
585 1080 627 1112 vt
639 1067 889 1112 nobiliffimos
905 1074 1007 1113 viros
1017 1072 1198 1114 custodes
1215 1072 1362 1115 illorum
1375 1080 1584 1123 creauerit,
1600 1080 1780 1122 omnibus

178 1125 374 1170 Ciuilibus
384 1130 525 1180 munijs
537 1138 744 1183 exemptos
757 1141 772 1168 .·
785 1138 826 1169 vt
840 1127 997 1184 Dionys.
1019 1129 1270 1171 Halinarcaff.
1285 1145 1334 1172 ex
1349 1135 1538 1175 Varronis
1549 1136 1780 1180 traditione..

175 1179 288 1232 lib4.
301 1184 467 1230 referat:
494 1185 652 1226 Nullam
667 1199 743 1226 rem
755 1214 766 1230 ,
777 1198 823 1224 ne
831 1186 943 1240 ficra
956 1185 1102 1240 quidem
1117 1189 1275 1228 Romani
1285 1198 1360 1229 tam
1371 1188 1560 1243 diligenter
1571 1221 1581 1237 ,
1601 1207 1712 1247 quam
1721 1198 1778 1236 Si-

175 1237 312 1291 byllina
322 1244 468 1284 oracula
482 1239 679 1293 custodiunt
695 1256 705 1284 t
733 1252 897 1282 vtuntur
908 1252 1028 1283 autem
1042 1246 1090 1283 eis
1100 1256 1152 1283 ex
1164 1244 1236 1285 S.C.
1244 1244 1290 1300 st
1295 1246 1443 1300 quando
1445 1245 1688 1301 fiditionibus
1699 1260 1781 1294 tur·

173 1294 406 1350 batur-flatus
422 1298 639 1353 Reipublicae
649 1328 660 1344 ‚
681 1308 796 1340 autin
806 1298 907 1343 bellis
917 1298 1062 1353 instgnis
1084 1300 1212 1355 aliqua
1229 1302 1345 1342 clades
1357 1313 1503 1356 accepta
1513 1305 1566 1346 esi
1577 1329 1588 1350 ‚
1617 1317 1683 1347 aut
1690 1319 1782 1361 pro-

174 1351 274 1407 dtgia
284 1359 464 1410 quapiam
474 1355 587 1396 dubia
597 1386 607 1400 ‚
629 1368 870 1411 magnumque
880 1357 1035 1412 aliquod
1048 1360 1308 1410 portendentia
1320 1363 1494 1402 nunciata
1496 1363 1588 1416 fient
1597 1393 1606 1408 ,
1637 1375 1685 1404 vt
1697 1366 1779 1418 ple-

175 1424 330 1468 rumque
330 1413 386 1467 fit
404 1445 412 1454 .
423 1415 601 1454 Primitus
613 1413 635 1453 ἑ
650 1415 873 1468 Tarquinio
887 1414 968 1455 duo
982 1414 1131 1456 nobiles
1146 1418 1215 1457 viri
1226 1418 1367 1463 creati,
1381 1431 1453 1473 per
1467 1432 1566 1474 quos
1576 1421 1669 1463 disti
1685 1423 1776 1464 libri

176 1468 487 1516 custodirentur;
509 1468 574 1511 sed
590 1483 692 1510 anno
706 1476 798 1524 388.
813 1470 863 1512 ab
877 1473 977 1513 V.C.
992 1486 1125 1514 eorum
1148 1487 1325 1514 numerus
1343 1476 1477 1517 austus
1491 1478 1539 1517 ad
1567 1478 1778 1520 Decemui-

176 1528 382 1582 ros,·quod
394 1525 511 1583 vsque
525 1527 572 1568 ad
587 1526 696 1582 syllae
710 1540 892 1582 tempora
905 1527 1255 1576 obseruatum;inde
1267 1533 1682 1585 Qindecimuirorum
1694 1538 1774 1577 me-

176 1583 238 1623 tio
252 1581 317 1629 fit,
329 1598 500 1640 ²quorum
513 1597 646 1627 munus
661 1583 710 1625 ad
726 1584 947 1636 Theodosii
960 1583 1117 1628 senioris
1134 1598 1311 1643 tempora
1324 1589 1551 1633 diminutum
1564 1615 1575 1635 a
1592 1606 1680 1635 cum
1694 1607 1774 1635 me-

175 1638 250 1681 lior
259 1655 348 1696 pars
364 1644 522 1683 Senatus
538 1641 631 1683 esset
643 1641 693 1682 ad
706 1640 824 1684 fidem
840 1642 1047 1686 conuersa,
1078 1645 1121 1685 &
1139 1645 1232 1685 inde
1254 1650 1649 1700 coepitconeemnere
1666 1649 1773 1694 illos;

177 1697 221 1738 &
236 1698 387 1739 demum
403 1697 469 1740 sub
487 1698 677 1740 Honorio
694 1700 877 1753 Principe
891 1698 1121 1740 Stilicoillos
1134 1701 1343 1746 combuffit
1356 1735 1364 1743 .
1390 1703 1547 1755 Quibus
1558 1719 1644 1746 cum
1661 1718 1776 1747 caete-

174 1757 224 1797 ris
236 1752 500 1811 superstitiosis
522 1753 636 1795 sacris
647 1754 702 1795 est
719 1755 965 1809 abrogatum,
986 1754 1094 1800 sicuti
1118 1770 1192 1811 per
1212 1757 1332 1800 Card.
1346 1758 1538 1802 Barmmn
1558 1762 1773 1810 Ecclefiast.

171 1813 343 1854 Annahb
365 1811 420 1853 est
433 1822 656 1853 annotatum
673 1843 683 1852 .
758 1838 765 1859 r
1032 1838 1035 1842 -

98 1881 148 1934 C
230 1869 352 1924 Apud
366 1869 455 1910 alias
469 1882 629 1925 quoque
641 1879 775 1924 gentes
797 1871 835 1910 in
855 1873 1108 1910 veneratione
1127 1869 1232 1911 fuiffe
1257 1871 1421 1928 Sibyllas
1447 1874 1569 1917 tradit
1597 1876 1774 1919 Ladiant.

172 1925 278 1968 lib...
297 1926 595 1968 Diuin.1nstitut
607 1937 734 1981 cap.5.
750 1925 881 1981 plures
897 1926 1075 1968 audiores
1090 1931 1271 1983 antiquos
1283 1928 1450 1971 referens
1461 1960 1471 1976 ‚
1486 1934 1551 1986 qui
1569 1934 1775 1975 easlauda·

172 1993 285 2029 runt;
302 1983 346 2025 δι
357 1983 501 2025 Tiburi
514 1987 568 2026 ait
581 1997 710 2025 earum
721 1997 832 2024 vnam
846 1987 1002 2028 nomine
1014 1983 1233 2037 Albuneam
1245 2015 1256 2030 ‚
1278 1996 1318 2026 vt
1345 1988 1466 2028 Deam
1487 1988 1565 2029 coli
1590 1993 1695 2032 iuxta
1714 1994 1772 2032 A·

174 2043 297 2082 nienis
308 2044 429 2095 ripas,
451 2044 561 2082 cuius
578 2041 616 2081 in
643 2044 792 2096 gurgite
814 2040 1052 2082 simulacrum
1066 2044 1265 2083 inuentum
1287 2043 1426 2084 librum
1439 2044 1586 2087 habens
1603 2050 1639 2087 in
1654 2061 1769 2088 manu

171 2099 334 2139 Senatus
347 2101 384 2138 in
400 2097 638 2153 Capitolium
654 2095 858 2143 transtulit,
871 2098 914 2139 &
931 2097 1085 2139 aliarum
1096 2099 1212 2142 etiam
1233 2100 1392 2141 duarum
1406 2102 1632 2158 Sibyllarum
1643 2103 1769 2160 statug

170 2155 311 2196 Romae
327 2165 437 2195 erant
449 2158 555 2197 iuxta
571 2154 711 2196 Rostra
725 2167 776 2195 ex
794 2154 918 2195 Plinio
933 2154 1068 2210 lib-34.
1084 2170 1173 2210 cap.
1185 2172 1219 2208 ς.
1233 2158 1276 2198 ὃ(
1289 2155 1406 2199 refert
1428 2161 1600 2203 Lastant.

224 2211 408 2254 Secundo
419 2212 641 2268 Sibyllarum
654 2213 832 2254 vaticinia
844 2212 1065 2267 probantur
1076 2214 1304 2255 auetoritate
1316 2214 1565 2270 plurimorum
1588 2219 1741 2260 Parrum
1756 2248 1767 2264 ‚

167 2273 234 2326 qui
248 2283 310 2310 eas
320 2274 357 2311 in
376 2269 635 2312 testimonium
653 2268 791 2312 nostrae
801 2269 898 2313 fidei
909 2269 1136 2317 adducunt,
1163 2272 1204 2311 &
1223 2271 1406 2314 laudant:
1426 2273 1587 2315 Iustinus
1610 2275 1766 2332 Martyr-

163 2329 201 2368 in
217 2328 481 2368 admonitorio
495 2327 681 2370 Gentium
695 2349 707 2370 2
726 2326 776 2369 fic
789 2326 870 2368 illas
886 2325 1101 2382 alloquitur
1117 2342 1127 2369 ι
1146 2329 1188 2371 Vt
1201 2329 1336 2370 cultum
1345 2332 1418 2369 Dei
1427 2343 1480 2371 ex
1495 2341 1606 2384 parte
1624 2332 1764 2388 condis:

166 2387 256 2424 catis
271 2413 283 2429 ,
291 2381 400 2430 facile
409 2384 518 2426 vobis
538 2383 774 2438 praestabitur
786 2397 843 2425 ex
857 2387 1013 2439 antiqua
1026 2385 1157 2440 Sibylla
1169 2390 1314 2429 Gumaea
1333 2388 1574 2441 inspiratione
1593 2393 1768 2445 quapiam

157 2451 228 2494 per
238 2441 383 2482 oracula
395 2454 465 2483 vos
475 2442 641 2485 edocente
654 2464 667 2485 ‚
695 2455 774 2497 quae
786 2441 959 2482 nimirum
967 2442 1233 2495 prophetarum
1243 2443 1416 2486 doctrina
1427 2449 1607 2497 proxima
1629 2447 1765 2486 viden-

163 2506 226 2538 tur
238 2529 249 2539 .
264 2501 312 2539 Et
326 2497 415 2552 post
423 2498 541 2541 multa
553 2499 603 2541 de
620 2496 696 2552 ipsa
713 2497 818 2543 fimul
832 2511 924 2539 cum
938 2498 1109 2544 Platonis
1122 2499 1342 2541 testimonio
1353 2514 1529 2543 enarrata
1541 2503 1764 2544 concludit:

161 2556 221 2595 De
230 2555 336 2595 Salua
342 2558 430 2595 toris
442 2554 560 2595 noflri
571 2555 650 2611 Ιςβι
663 2556 805 2598 Christi
813 2556 976 2596 aduentu
986 2585 996 2600 ‚
1012 2556 1063 2600 ὁ·
1076 2557 1121 2597 de
1128 2556 1189 2597 his
1203 2557 1382 2603 omnibus,
1412 2573 1492 2613 qua
1505 2558 1578 2614 ipse
1587 2557 1762 2609 fac‘iurus

162 2621 244 2651 erat
253 2635 262 2653 ‚
273 2609 462 2663 manfisl?
472 2614 694 2663 pronunciat
705 2642 715 2657 ,
738 2622 896 2667 quarum
909 2615 1043 2653 notitia
1053 2613 1161 2653 vobis
1171 2611 1357 2671 necfftria
1368 2638 1380 2659 ‚
1401 2615 1565 2671 quadam
1581 2620 1763 2670 praexci-

163 2671 255 2708 tatio
263 2667 402 2719 flatura
418 2665 462 2719 est
475 2668 529 2708 ad
540 2667 734 2723 sacrorum
754 2668 972 2721 prophetias
997 2672 1169 2710 virorum
1182 2698 1191 2707 .
1213 2672 1376 2713 San-Rus
1393 2672 1621 2727 Augustinus
1637 2676 1674 2714 in
1693 2688 1761 2715 ex-

163 2723 362 2778 positione
386 2727 574 2766 inchoata
598 2725 705 2776 epist.
727 2725 776 2768 ad
792 2726 905 2766 Rom.
925 2727 975 2765 de
992 2727 1144 2782 Sibyllis
1159 2757 1169 2772 ,
1190 2739 1231 2768 vt
1259 2730 1355 2770 veris
1378 2732 1533 2771 vatibus
1558 2730 1610 2773 fic
1634 2729 1735 2772 fatur
1751 2760 1760 2770 .

161 2783 323 2821 Fuerunt
334 2781 487 2824 &inter
499 2784 659 2823 Gentiles
663 2782 849 2836 propheta
858 2804 869 2824 2
887 2785 927 2822 in
941 2784 1072 2835 quibus
1081 2787 1190 2825 etiam
1203 2786 1331 2840 aliqua
1341 2789 1581 2828 inueniuntur
1592 2817 1601 2833 ‚
1626 2802 1704 2842 qua
1716 2787 1762 2828 de

160 2837 313 2881 Chr-islo
323 2840 527 2883 cecinerunt
534 2841 661 2893 5steuti
671 2843 781 2880 etiam
791 2839 834 2879 de
847 2839 979 2895 Sibylla
988 2840 1124 2881 dicitur
1135 2857 1145 2886 ;
1160 2843 1261 2895 quod
1268 2856 1341 2885 non
1341 2842 1462 2894 facil?
1477 2844 1654 2886 crederem
1666 2868 1677 2888 ›
1693 2844 1764 2893 nist

161 2895 265 2950 quod
271 2898 462 2937 Poetarum
477 2896 627 2949 quidam
640 2899 803 2936 Romana
816 2897 939 2948 lingua
949 2895 1179 2952 nobilrffimus
1188 2909 1386 2955 antequam
1398 2900 1533 2942 diceret
1543 2916 1585 2941 ea
1595 2930 1604 2946 ‚
1627 2916 1708 2955 qua
1717 2901 1761 2941 de

160 2950 615 3008 innouationefieculhquae
624 2956 664 2993 in
674 2956 825 2993 Domini
833 2956 876 2996 N
879 2950 962 3004 ‹stri
975 2967 1121 3009 regnum
1123 2955 1220 3013 satis
1230 2958 1478 3002 concineres&
1495 2961 1686 2999 conuenire
1698 2961 1761 2999 vi·

161 3009 316 3055 dentum
335 3009 699 3064 praeposfaeit'verbum
711 3011 832 3051 dicens
844 3041 851 3050 .

250 3110 258 3123 ,
285 3106 288 3110 ,
391 3067 521 3111 Vltima
533 3069 670 3110 Cumaei
680 3069 753 3107 iam
763 3068 871 3107 venit
884 3070 1056 3109 carminis
1076 3079 1162 3110 aetas
1175 3101 1186 3111 .

159 3127 342 3166 eumcum
351 3133 472 3164 autem
484 3136 627 3167 carmen
637 3122 847 3179 sibyllinum
860 3124 921 3175 esse
941 3138 1044 3165 nemo
1069 3126 1297 3169 dubitauerit
1307 3157 1317 3168 .
1337 3128 1382 3168 Et
1397 3138 1484 3168 ante
1497 3125 1663 3170 sanstum
1683 3137 1763 3171 Au-

160 3179 346 3234 gustinum
360 3179 492 3225 Euseb.
502 3181 537 3221 in
551 3194 589 3229 4.
606 3181 674 3222 lib.
687 3182 737 3221 de
750 3182 826 3222 vita
842 3182 1093 3224 Constantini
1105 3213 1114 3229 ‚
1143 3186 1183 3225 id
1211 3181 1329 3239 ipsum
1355 3186 1508 3240 Virgilij
1524 3200 1675 3227 carmen
1692 3200 1764 3227 eo-

159 3238 249 3280 dem
261 3236 576 3298 modoexposuit
587 3269 596 3281 .
615 3236 752 3297 Versus
766 3249 891 3282 autem
904 3239 1062 3296 Sibyllae
1073 3271 1085 3288 ‚
1096 3243 1144 3285 ad
1158 3255 1271 3298 quem
1284 3240 1417 3283 alludit
1427 3244 1612 3298 Virgilius
1621 3243 1674 3284 est
1683 3241 1763 3285 hic:

1599 3302 1707 3341 Tunc
