2206 3480
413 142 531 194 ‘106
666 140 769 192 DE
808 136 1041 190 VRBIS
1080 132 1812 187 RESTAVRATIONE.

387 242 507 283 dicat.
537 241 634 292 Qo
648 235 737 293 post
751 235 949 275 biennium
961 229 1112 271 sublato
1129 243 1137 271 :
1167 229 1350 273 Vrbanus
1366 227 1641 272 V1.succefl“or
1652 232 1768 282 vai-ijs
1781 230 1988 282 perturba·
2026 235 2069 287 A

387 298 559 341 tionibus
581 294 763 336 distentus
788 290 926 331 nullum
952 286 1122 342 lapidem
1138 300 1295 328 mouere
1317 289 1470 342 potuit.
1503 285 1727 328 Bonifacius
1739 288 1875 329 Nonus
1893 302 1990 343 pro-

388 353 526 412 pensus
550 352 599 393 ad
622 347 879 392 excolendam
899 345 1048 389 Virbem
1071 343 1243 395 aedificijs
1262 373 1272 388 ,
1302 343 1659 386 Senatoriasaedes
1682 347 1720 385 in
1749 343 1990 399 Capitolio',

389 410 575 454 nonnulla
596 412 635 449 in
658 409 856 451 Vaticano
874 433 885 449 ,
911 403 954 444 &
974 406 1013 443 in
1026 402 1190 445 Adriani
1203 402 1304 446 mole
1323 399 1546 444 construxit
1565 430 1578 447 ‚
1607 415 1721 457 quam
1744 401 1992 445 tutissimam„

392 469 584 512 reddidit.

450 528 542 565 Nec
555 533 682 562 tamen
696 520 762 560 diu
788 516 927 560 afflista
938 517 1088 558 Ciuitas
1097 514 1133 558 se
1143 530 1192 557 ex
1203 517 1406 571 praeterito
1416 515 1519 557 malo
1530 526 1772 558 recreauerat
1788 530 1798 556 :
1830 529 1919 558 cum
1931 518 1986 557 in-

390 594 451 624 ter
474 577 623 621 dissidia
636 575 845 619 schismatis
864 578 1000 617 iterum
1025 572 1252 616 discedente
1275 572 1472 613 Pontifice
1496 586 1632 615 carere
1655 573 1795 616 coasta
1816 573 1894 615 est:
1915 573 1989 614 do-

389 651 465 680 nec
480 635 678 678 Martinus
701 635 874 688 Qijntus
893 633 1086 676 Columna
1106 629 1276 673 reuersus
1291 630 1392 671 adeo
1406 628 1618 686 disruptam
1632 632 1674 673 &
1685 630 1826 673 vastam
1841 634 1991 672 inuenit

389 694 562 739 Vrbem,
586 702 626 735 vt
643 691 744 734 nulla
771 690 887 733 facies
902 692 998 732 inea
1012 691 1226 732 videretur.
1250 687 1500 740 Quareidem
1520 686 1701 731 Pontifex
1724 688 1773 730 ad
1797 702 1991 729 exornan-

389 753 477 794 dam
492 754 690 792 ciuitatem
705 753 867 790 animum
879 749 1050 789 adiecit:
1070 747 1272 788 Porticum
1283 743 1398 786 saneti
1410 746 1516 785 Petri
1528 744 1789 787 collabentem
1803 745 1981 788 restituit»

387 812 649 866 pauimentum
666 804 934 848 Lateranenfis
951 802 1125 845 Bafilicae
1138 818 1261 859 opere
1287 801 1539 844 vermiculato
1561 800 1750 857 perfecit:
1776 804 1911 845 Aedes
1938 800 1990 843 ad

388 867 601 908 duodecim
612 863 824 920 Apostolos
840 862 1031 905 restituit,
1057 859 1123 901 vbi
1137 862 1250 902 etiam
1260 859 1481 902 habitauit.
1515 860 1642 900 Huius
1662 860 1787 903 studia
1810 857 1931 900 secuti
1948 874 1991 899 e-

387 927 480 965 tiam
495 922 720 964 Cardinales
746 921 991 975 Capranica,
1014 917 1238 964 Beffarion,
1260 916 1475 961 Tutauilla‚
1503 917 1547 957 &
1573 917 1635 968 alij
1661 918 1773 974 plura
1804 928 1991 958 extruxe-

387 993 480 1023 runt
490 1010 498 1018 .
531 981 609 1022 Sed
624 978 833 1035 praesertim
845 977 1039 1032 Eugenius
1050 977 1225 1031 Quartus
1239 974 1433 1016 successor
1446 974 1552 1015 inter
1564 984 1706 1016 caetera
1719 988 1843 1016 aeneas
1869 975 1904 1013 S.
1918 975 1994 1014 Pe-

389 1043 439 1080 tri
454 1038 581 1079 valuas
606 1037 687 1077 fieri
701 1033 823 1076 iuffit:
848 1036 946 1077 sicut
963 1034 1006 1074 &
1023 1031 1252 1074 coenobium
1266 1032 1406 1073 Turris
1420 1031 1678 1086 speculorum
1705 1030 1923 1086 (aspeculis
1950 1040 1993 1071 vt

390 1100 498 1137 alunt
507 1097 631 1139 Turri
646 1092 861 1149 impolitis)
889 1090 1053 1133 instituit
1062 1087 1316 1132 subinstituto
1330 1085 1545 1130 Franciscae
1560 1089 1750 1130 Romanae
1766 1088 1991 1130 sanctitate)
2023 1069 2061 1120 B

395 1153 565 1195 celebris
582 1184 592 1192 .

145 1231 291 1262 Nudam
445 1213 524 1252 Iam
549 1223 644 1250 vero
665 1205 857 1248 Nicolaus
879 1207 1052 1260 Qintus
1076 1206 1236 1260 Eugenij
1265 1202 1458 1244 successor
1481 1202 1702 1257 magnifice,
1725 1215 1771 1243 ac
1794 1200 1996 1258 splendide

244 1265 247 1269 ’
388 1267 622 1310 aedificauit,
644 1265 792 1305 &alios
806 1266 921 1304 etiam
935 1265 1102 1318 pecunia
1117 1262 1251 1302 oblata
1269 1259 1508 1302 aedificantes
1536 1262 1574 1298 in
1598 1259 1707 1300 Vrbe
1728 1260 1851 1305 iuuit;
1871 1270 1913 1300 vt
1935 1260 1999 1298 in„

391 1322 559 1367 eiusdem
582 1323 724 1376 legitur
744 1319 924 1376 sepulcro
949 1334 962 1362 .·
991 1316 1159 1369 Restituit
1174 1332 1288 1359 morer
1309 1347 1318 1362 ‚
1344 1319 1494 1360 moenia,
1520 1318 1678 1369 templa,
1700 1316 1822 1356 domos
1840 1348 1849 1357 .
1889 1315 1998 1357 Idem

392 1395 530 1437 aquam
548 1380 744 1434 Virginem
759 1377 884 1417 multo
897 1388 985 1418 ante
1001 1375 1182 1430 dilapsam
1197 1375 1301 1418 Vrbi
1316 1374 1491 1415 reddidit
1505 1387 1592 1414 aun.
1610 1385 1727 1427 1433.
1746 1373 1835 1413 Pius
1849 1374 2000 1413 Secun-

393 1439 464 1479 dus
476 1438 653 1478 Turcico
665 1433 773 1476 bello
787 1436 974 1478 intentus,
985 1433 1165 1474 aedifican
1172 1432 1210 1473 di
1226 1442 1355 1472 tamen
1366 1430 1494 1472 studio
1506 1429 1720 1472 delectatus
1735 1427 1875 1476 5scalas
1890 1431 1922 1469 V
1930 1430 2000 1470 ati-

392 1510 499 1537 canae
515 1491 937 1535 bafilicaeinstaurauit‚
963 1490 1101 1545 quibus
1128 1488 1410 1545 Apostolorum
1436 1487 1603 1528 Petri&
1627 1488 1737 1528 Pauli
1766 1487 1904 1527 statuas
1934 1487 2001 1526 im·

393 1555 545 1609 poiuit:
567 1553 764 1591 Porticum
776 1549 840 1589 vbi
852 1547 1005 1602 Populo
1018 1547 1284 1591 benediceret,
1299 1545 1503 1586 inchoauit
1514 1544 1557 1584 ὃ(
1571 1544 1644 1585 alia
1658 1542 1837 1598 perfecit.
1862 1542 2001 1583 Paulus

392 1611 595 1652 Secundus
607 1607 739 1648 Aedes
751 1604 993 1661 amplissimas
1004 1634 1014 1648 ,
1038 1617 1131 1658 quas
1147 1602 1274 1643 adhuc
1287 1600 1504 1643 Cardinalis
1527 1602 1787 1643 inchoauerat
1800 1630 1810 1645 ‚
1823 1599 1997 1642 deinde)

391 1681 440 1710 ex
453 1669 570 1709 ruinis
582 1663 874 1720 Amphitheatri
889 1662 943 1703 est
961 1660 1211 1718 prosecutuS.
1244 1663 1388 1702 Verum
1411 1661 1538 1699 Sixtus
1555 1660 1730 1713 Quartus
1747 1658 1999 1699 monimentis

392 1725 564 1782 publicis
580 1725 786 1777 reparatis,
808 1730 873 1761 aut
885 1719 1071 1761 extruitis
1093 1728 1214 1759 totam
1229 1715 1382 1760 Vrbem
1404 1714 1605 1756 excoluit:
1635 1729 1720 1757 nam
1742 1716 1785 1756 &
1812 1717 1889 1756 vias
1919 1729 2005 1755 mu-

394 1785 469 1833 nijt
481 1812 492 1828 ,
517 1779 758 1822 &lateribus
769 1778 899 1818 strauit
909 1790 921 1814 :
946 1777 1127 1830 porticus
1141 1775 1183 1816 &
1197 1777 1350 1816 moenia
1360 1771 1545 1815 deformia
1557 1773 1725 1816 deiecit,
1759 1786 1807 1813 ac
1826 1770 1995 1827 splendi-

394 1840 445 1881 de
463 1840 512 1880 de
526 1851 633 1879 nouo
644 1839 838 1877 extruxit:
859 1845 1025 1889 pontem
1049 1829 1321 1874 Ianiculensem
1345 1834 1418 1871 iam
1443 1840 1597 1884 ruptum
1620 1831 1790 1885 publicae
1818 1842 2001 1870 commo-

395 1898 513 1938 ditati
527 1895 743 1948 decorique
762 1891 944 1935 restituit;
972 1886 1375 1930 Nosocomiumsanc‘u
1389 1890 1550 1943 Spiritus
1565 1917 1574 1931 ‚
1600 1888 1730 1928 Aedes
1753 1885 1890 1928 sanstae
1907 1887 1997 1927 Ma—
2023 1898 2069 1949 C

394 1956 463 1996 riae
476 1951 616 2007 Populi
631 1959 896 2005 cognomento
910 1978 919 1992 ‚
942 1949 984 1988 ὃ(
1000 1948 1074 1988 alia
1085 1946 1201 1987 multa
1213 1945 1355 1999 templa
1387 1943 1553 1984 refecit:
1576 1944 1824 1985 Praetorianis
1849 1941 2000 1983 Helue-

393 2013 456 2063 tijs
469 2007 674 2050 pontificis
684 2009 728 2047 &
744 2007 876 2060 palatij
895 2004 1082 2046 custodiae
1093 2003 1142 2044 ab
1153 2018 1203 2044 eo
1214 2006 1379 2058 primum
1394 2001 1554 2041 delestis
1564 2031 1574 2045 ,
1597 2000 1885 2055 Magistratibus
1902 1998 2004 2040 insu-

396 2082 470 2126 per
485 2097 495 2112 ,
519 2061 867 2120 aliisqueministris
884 2083 895 2105 ‚
911 2059 1017 2101 sedes
1035 2060 1177 2116 quibus
1200 2059 1408 2100 commode
1433 2059 1679 2102 habitarent,
1710 2058 1882 2099 conditae
1897 2089 1905 2097 .
1939 2057 2006 2098 Bi·-

397 2123 603 2166 bliotheca
612 2124 804 2162 Vaticana
814 2129 904 2160 toto
917 2118 1016 2159 orbe
1029 2116 1286 2158 celeberrima
1299 2145 1310 2160 ,
1335 2115 1508 2156 aduestis
1522 2125 1611 2155 tota
1622 2116 1783 2170 Europa
1801 2115 2003 2156 volumini·

399 2184 472 2223 bus
485 2179 724 2223 constituta;
743 2179 808 2217 cui
829 2179 942 2216 etiam
964 2175 1146 2229 paraudae
1170 2186 1257 2216 ante
1269 2172 1376 2214 illum
1398 2172 1628 2214 Benedictus
1645 2174 1828 2218 Tertius,
1856 2172 1906 2211 M
1915 2174 2007 2212 arti-

398 2254 468 2281 nus
482 2239 653 2289 Quintus
667 2265 677 2280 ,
701 2232 891 2275 Nicolaus
901 2234 1097 2283 Qintus‚
1118 2233 1207 2271 Pius
1229 2231 1432 2270 Secundus
1456 2232 1619 2270 animum
1641 2228 1915 2274 intenderant,
1939 2227 2006 2268 sed

401 2311 480 2338 non
495 2294 778 2336 stabiliuerant,
801 2302 914 2344 quam
934 2289 1085 2329 demum
1101 2287 1228 2343 Sixtus
1240 2288 1413 2340 Quintus
1429 2287 1569 2326 exasto
1594 2290 1664 2326 iam
1679 2286 1816 2326 {aeculo
1830 2285 2004 2338 splendi-

401 2356 461 2396 dis
478 2365 637 2407 quoque
653 2349 799 2390 aedibus
814 2369 825 2390 2
847 2357 926 2387 tum
939 2345 1011 2400 ipfi
1030 2342 1304 2387 Bibliothecae‚
1327 2352 1405 2383 tum
1416 2342 1655 2383 Custodibus
1668 2370 1679 2385 ‚
1695 2341 1850 2382 &illius
1865 2340 2007 2381 Cardi-

403 2410 478 2453 nali
488 2407 674 2451 Praefeeio
688 2405 859 2448 idoneis,
886 2401 1069 2444 absoluit.
1099 2403 1218 2442 Circa
1237 2400 1372 2440 eadem
1387 2409 1566 2453 tempora
1589 2398 1859 2438 Ferdinandus
1875 2398 1918 2438 ὃ(
1932 2396 2005 2438 lsa-

403 2467 507 2509 bella
525 2463 723 2506 Catholici
741 2464 868 2516 Reges
881 2461 1089 2512 Templum
1104 2454 1219 2498 sanffi
1233 2457 1338 2498 Petri
1360 2454 1613 2501 inlaniculo,
1639 2455 1881 2496 Montorium
1909 2468 2007 2494 nun-

402 2535 612 2580 cuparum,
641 2536 686 2562 ac
706 2518 949 2562 Coenobium
976 2519 1203 2570 contiguum
1232 2513 1425 2555 Fratribus
1443 2511 1560 2554 sanffl
1584 2510 1775 2553 Francisci
1810 2524 2002 2553 extruxe-

404 2594 511 2625 runt.
545 2589 606 2622 Ac
622 2578 787 2621 Carolus
799 2576 971 2617 Ostauus
987 2574 1130 2615 Galliae
1153 2572 1245 2613 Rex
1259 2571 1422 2612 alterum
1437 2571 1621 2626 templum
1634 2572 1806 2610 extruxit
1828 2566 2009 2610 sanstissi-

405 2653 475 2680 mae
493 2639 682 2680 Trinitati
695 2637 734 2675 in
748 2639 882 2674 monte
897 2632 1038 2674 Pincio
1052 2660 1061 2675 ,
1081 2643 1168 2670 cum
1187 2628 1395 2670 Coenobio
1410 2627 1664 2669 Minimorum
1676 2630 1844 2668 Fratrum
1870 2627 2009 2667 admo-

409 2699 490 2739 nitu
502 2698 536 2735 S.
551 2691 736 2735 francisci
752 2695 832 2731 eius
845 2689 990 2731 familiae
999 2687 1218 2729 fundatoris
1232 2716 1242 2731 ‚
1263 2697 1357 2726 tunc
1368 2689 1528 2726 viuentis
1542 2717 1550 2726 .

459 2753 572 2793 Iulius
586 2749 787 2792 Secundus
802 2760 1032 2802 quamquam
1047 2745 1234 2785 diuturnis
1260 2742 1443 2784 distentus
1468 2743 1599 2784 bellis,
1623 2738 1808 2795 templum
1833 2743 1868 2782 S.
1888 2741 1994 2780 Petri
2034 2726 2080 2776 D

407 2810 456 2852 ad
472 2808 634 2848 Vincula
658 2807 782 2846 erexit
796 2828 808 2848 2
835 2807 876 2844 ἃ
896 2803 1138 2844 Coenobium
1157 2799 1337 2841 adiacens
1359 2799 1517 2840 refecit:
1542 2797 1773 2853 addiditque
1791 2801 1997 2852 proprium

407 2865 625 2922 sepulcrum
638 2862 931 2902 celeberrimum
948 2873 1071 2913 opere
1082 2857 1294 2897 MichaeliS
1309 2856 1447 2910 Angeli
1465 2855 1674 2895 ssonarotae
1685 2869 1698 2894 .·
1724 2867 1833 2896 extra
1849 2853 1996 2895 Vrbem

406 2922 648 2967 Coenobium
665 2921 827 2972 Cryptae
839 2915 1008 2959 ferratae,
1032 2912 1210 2968 aedesque
1225 2914 1421 2968 appositas
1440 2927 1572 2956 muro,
1596 2906 1768 2967 fossaque
1796 2910 1913 2951 instar
1927 2913 2002 2950 Ca-

407 2980 503 3023 stelli
516 2978 697 3019 muniuit:
726 2976 833 3015 Viam
848 2974 980 3014 Iuliam
994 2973 1101 3013 iuxta
1115 2971 1292 3011 Tiberim
1303 2971 1486 3010 dirediam
1503 2972 1672 3024 aperuit:
1687 2967 1751 3009 sed
1764 2978 1911 3023 praeter
1930 2966 2001 3006 alia

404 3038 526 3080 multa
542 3034 716 3077 extrudia
729 3030 893 3072 aedificia
905 3060 914 3075 ‚
936 3029 1046 3086 quod
1059 3028 1244 3083 operibus
1256 3028 1409 3083 praestat
1427 3026 1607 3067 vniuerfis
1632 3039 1774 3066 nouum
1797 3023 1913 3064 saneti
1931 3023 2001 3064 Pe-

408 3097 460 3136 tri
483 3093 666 3148 templum
688 3093 726 3130 in
747 3089 948 3131 Vaticano
963 3110 974 3130 ‚
1008 3096 1119 3141 parte
1143 3089 1278 3126 veteris
1301 3084 1477 3129 diste-‚dim
1498 3083 1548 3125 ad
1574 3084 1786 3123 Bramantis
1810 3079 2001 3122 Archite-

406 3154 523 3193 &oris
538 3148 735 3204 exemplar
746 3145 939 3187 aedificare
951 3144 1004 3184 est
1019 3142 1205 3197 aggressus
1217 3172 1226 3188 ,
1252 3145 1495 3197 primumque
1513 3140 1686 3195 lapidem
1698 3137 1918 3179 solemniter
1933 3151 2006 3191 ap·

441 3206 537 3248 osuit
550 3239 559 3246 .

408 3223 435 3266 p
464 3263 555 3304 Post
571 3277 685 3305 aurea
697 3261 761 3304 illa
772 3272 950 3318 tempora
962 3288 972 3304 ,
996 3256 1137 3314 quibus
1163 3269 1247 3297 cum
1264 3254 1384 3297 stante
1404 3255 1576 3311 Imperio
1592 3253 1722 3297 Roma
1743 3253 1910 3294 omnium
1927 3251 2012 3290 Do-

1851 3321 1954 3350 mina

145 1655 216 1685 Sixu'
230 1658 280 1685 1r.

157 2794 262 2829 Iulg'q'll.
