2206 3480
305 107 542 173 QvAnE
583 108 817 168 ROMA,
855 102 977 162 sav·
1019 109 1185 162 ΑΜ
1226 100 1457 168 vanas,
1497 115 1592 167 &a
1680 133 1775 172 177
1831 116 1833 120 ·

109 207 148 257 A
181 210 246 239 nes
262 198 497 240 aduentante
519 196 659 254 hyeme*
671 197 746 239 alio
768 196 801 239 se
826 201 1018 255 recipiant
1042 227 1052 236 .
1085 196 1297 239 Ordinaria
1317 201 1516 241 ciuitatum
1540 204 1766 256 magnitudo

180 255 404 298 consistitin
416 254 473 295 his
487 259 676 300 terminis,
688 255 828 311 quibus
840 262 900 296 vix
920 267 1120 298 contentae
1134 254 1207 295 effe
1220 255 1378 307 possunt
1398 289 1407 298 .
1437 255 1575 300 Omnis
1592 273 1685 300 vero
1709 263 1766 299 ci—

179 318 274 354 uitas
289 344 299 358 ,
314 328 401 369 quae
412 312 591 354 alimenta
603 314 758 353 aliunde
772 326 844 366 per
856 313 1057 367 praedictas
1075 314 1417 355 incommoditates
1439 315 1640 357 contrahit
1660 346 1670 361 ‚
1696 317 1764 356 diu

179 374 320 411 durare
333 374 493 427 nequit.
511 402 513 405 .
526 373 590 411 Sic
603 366 700 410 enim
716 369 872 409 affectus
889 370 942 411 est
959 369 1127 426 quisque,
1138 380 1179 410 vt
1192 384 1323 411 omnes
1341 375 1761 430 opportunitates‚quae

178 429 306 470 obuiae
319 439 456 483 patent
468 450 478 469 2
490 423 768 481 diligentiffime
780 436 918 480 captet
928 455 938 464 .

236 486 410 529 Accedit
420 485 519 530 huc,
537 484 646 538 quod
660 481 772 523 v'rbes
788 483 951 524 maiores
965 483 1192 524 caritatibus
1205 484 1351 525 facilius
1366 486 1588 528 subiaceant
1605 516 1614 532 ,
1643 502 1756 544 quam

180 546 368 587 minores;
385 541 493 596 quod
509 540 681 595 pluribus
697 539 884 580 alimentis
895 551 1028 596 egent.
1057 540 1226 580 Grauius
1238 544 1338 582 enim
1357 544 1470 596 pestis
1482 545 1552 585 illis
1563 547 1758 586 immorari

179 599 276 641 solet
290 628 300 644 ,
313 602 402 653 quia
415 598 497 638 lues
508 597 568 638 illa
584 597 694 638 vibes
706 596 931 638 hominibus
944 596 1118 652 pluribus
1133 598 1374 639 abundantes
1388 601 1676 642 vehementiore
1689 607 1760 644 co-

179 660 282 711 tagio
296 655 421 696 afficit
433 679 444 698 ‚
465 669 578 709 quam
594 668 714 710 pagos
728 655 794 695 vbi
806 658 931 694 minor
945 654 998 694 est
1008 653 1208 695 hominum
1224 655 1457 710 frequentia.
1489 661 1525 698 A
1541 662 1682 713 magnis
1702 676 1761 700 vr.

178 714 292 754 bibus
307 713 402 753 nihil
416 712 563 753 illorum
579 712 702 757 abest,
718 725 803 767 quae
819 711 929 766 supra
941 709 1218 757 recensuimus;
1241 726 1326 753 cum
1339 727 1500 769 quoque
1514 714 1756 769 pluribusin.

174 770 349 826 digeant,
364 785 452 826 quae
467 784 514 811 ex
530 768 564 810 se
577 775 740 810 mutuari
757 779 957 823 nequeunt
968 800 976 810 .
1001 769 1111 809 Hinc
1123 768 1300 811 effectum
1313 769 1368 812 est
1382 781 1421 812 vt
1435 773 1608 827 quamuis
1623 775 1754 816 eadem

175 832 233 868 vis
247 828 476 883 generandae
489 826 629 881 prolis;
648 828 735 867 &in
754 830 884 881 primis
904 827 1042 867 Romae
1055 825 1248 881 auspiciis,
1264 828 1359 869 &in
1371 827 1534 869 eiusdem
1550 827 1646 869 flore
1665 844 1757 885 per-

173 885 346 926 manserit
359 889 396 926 in
416 884 564 925 ciuibus
577 898 588 929 ;
602 883 844 924 nihilominus
857 894 898 923 vt
911 883 1015 939 quali
1029 885 1128 939 pede
1139 884 1221 926 fixo
1235 887 1287 925 vis
1297 885 1356 925 illa
1367 884 1673 930 substiterit‚satis
1689 887 1760 929 dif-

175 942 279 984 ficile
297 941 369 983 fuit
389 957 399 986 ;
421 945 511 997 quia
527 945 641 982 virtus
655 944 836 982 nutritiua
848 941 957 982 altius
968 940 1170 982 ascendere
1196 946 1370 998 nequiuit
1392 975 1401 984 .
1432 943 1761 1000 Subsequentibus

173 999 415 1055 temporibus
427 1023 438 1043 ‚
452 1013 537 1040 cum
550 997 725 1040 vistualia
736 1002 850 1053 magis
861 996 1049 1053 magisque
1063 998 1285 1041 deficerent
1313 1029 1323 1044 ‚
1345 1011 1410 1042 aut
1421 1000 1522 1044 nulla
1534 1002 1664 1043 iuncta
1675 999 1762 1043 sunt

108 1041 151 1092 Β
170 1060 410 1098 matrimonia
426 1087 435 1102 ,
451 1067 515 1098 aut
526 1056 821 1111 quandoiunc‘ta
833 1055 905 1097 lint
917 1085 926 1099 ‚
943 1055 1053 1096 liberi
1067 1066 1193 1098 tamen
1205 1056 1370 1111 egestate
1380 1056 1498 1113 preffi
1515 1082 1527 1103 ‚
1563 1062 1689 1100 animo
1708 1060 1758 1101 ab

171 1115 380 1156 educanda
391 1114 504 1168 prole
518 1114 672 1155 abiecto
689 1143 699 1159 ‚
728 1127 778 1154 ex
803 1117 927 1168 patria
942 1113 1136 1154 meliorem
1152 1112 1343 1155 fortunam
1357 1115 1613 1170 periclitaturi
1626 1118 1759 1171 migra-

165 1183 261 1212 -runt
276 1204 286 1212 .
321 1172 428 1212 Huic
440 1171 540 1212 malo
555 1172 720 1211 Romani
736 1182 776 1210 vt
787 1169 1008 1225 tempestiue
1021 1182 1279 1211 occurrerent
1290 1195 1302 1215 ‚
1315 1173 1492 1214 colonias
1503 1173 1760 1219 deduxerunt;

168 1240 214 1269 -vt
231 1227 334 1284 quasi
350 1229 492 1283 plantae
510 1227 599 1268 alibi
613 1225 790 1268 transsate
801 1226 918 1268 latior
926 1228 999 1268 illis
1011 1227 1093 1268 ansa
1106 1228 1351 1282 praeberetur
1362 1229 1410 1270 ad
1424 1232 1764 1273 commodiorem..

169 1290 256 1326 vitae
266 1285 578 1326 sustentationem
593 1317 601 1326 .

170 1377 176 1380 .
229 1346 289 1385 5ic
302 1341 590 1398 quoquegenus
607 1341 813 1384 humanum
823 1353 968 1384 certum
984 1345 1362 1398 numerumattIngiu
1388 1359 1554 1399 vnquam
1569 1345 1762 1387 cancellos

170 1401 311 1455 quibus
326 1399 360 1440 se
374 1398 492 1457 ipsum
509 1399 614 1455 quali
626 1400 909 1443 circumdedit,
926 1398 1188 1455 transgressum
1203 1432 1212 1441 .
1235 1401 1430 1444 ,abierunt
1441 1401 1552 1458 supra
1565 1407 1638 1444 tria
1649 1404 1762 1445 millia

168 1471 355 1498 annorum
369 1472 377 1501 3
395 1471 482 1498 cum
493 1471 570 1497 non
585 1460 712 1497 minor
723 1467 839 1511 atque
851 1471 953 1498 nunc
971 1458 1025 1499 est
1038 1458 1075 1498 in
1088 1457 1234 1498 mundo
1245 1462 1401 1499 viueret
1413 1460 1608 1500 hominum
1623 1463 1739 1514 copia
1751 1494 1759 1502 .

168 1514 325 1555 Fructus
338 1517 435 1554 enim
452 1512 564 1555 tettae
579 1527 655 1554 non
671 1512 864 1556 sufficiunt
875 1514 1052 1568 pluribus
1066 1514 1211 1555 alendis
1232 1546 1240 1555 .
1274 1519 1317 1556 In
1346 1514 1626 1570 Mesopotamia
1636 1520 1762 1572 primt‘z

167 1570 506 1626 genushumanum
517 1570 717 1625 augescere
729 1574 856 1625 coepit
879 1586 888 1611 :
908 1570 998 1611 inde
1023 1570 1221 1626 progressu
1239 1576 1427 1626 temporis
1440 1576 1477 1613 in
1491 1587 1622 1614 omnes
1645 1586 1759 1615 terrae

164 1630 257 1668 fines
275 1627 516 1669 est'diffulum
534 1661 541 1668 .
576 1628 753 1668 Tandem
767 1627 911 1682 repleta
922 1631 1152 1668 continente
1164 1623 1298 1669 Instilae
1311 1629 1487 1670 habitare
1503 1642 1654 1685 coeptae
1668 1645 1677 1671 :
1693 1633 1765 1671 do-

169 1698 241 1727 nec
263 1685 418 1726 tandem
445 1685 570 1726 multis
594 1684 832 1726 vertentibus
857 1687 963 1726 ann-is
975 1688 1087 1726 etiam
1100 1684 1180 1727 illas
1193 1689 1368 1740 regiones
1389 1717 1399 1732 ‚
1423 1701 1516 1742 quas
1537 1687 1659 1728 hodie
1674 1689 1759 1729 No-

169 1757 257 1783 uum
273 1744 456 1783 mundum
470 1742 670 1797 appellant
684 1771 693 1787 ‚
706 1752 975 1798 occuparunt.

226 1802 267 1840 ln
281 1800 440 1840 Guinca
452 1798 552 1840 adeo
564 1812 756 1855 pauperes
774 1828 783 1843 ,
796 1801 838 1840 δε
851 1800 1151 1856 egeniplerique
1168 1804 1320 1845 viuum,
1353 1812 1395 1841 vt
1410 1799 1493 1843 suos
1509 1801 1607 1843 filios
1625 1800 1762 1843 admo-

167 1856 257 1897 dum
272 1859 337 1897 vili
353 1861 488 1912 pretio
500 1857 653 1898 Mauris
665 1858 808 1898 vendat
821 1859 860 1898 in
875 1857 1100 1899 Barbariam
1116 1858 1340 1899 addusturis
1363 1872 1373 1899 ε
1395 1870 1458 1898 aut
1473 1858 1656 1899 Lusitanis
1668 1874 1760 1899 veu-

167 1913 266 1954 dunt
279 1916 317 1954 in
333 1912 608 1956 nouas-Insulas
624 1913 882 1955 adducendos
902 1937 912 1957 2
937 1925 1000 1955 aut
1016 1914 1231 1957 Castilianis
1249 1919 1286 1956 in
1300 1929 1420 1956 nouas
1434 1914 1566 1956 insulas
1583 1916 1761 1971 ablegan-

167 1970 240 2011 dos
257 2002 267 2012 .
298 1972 402 2012 Idem
417 1975 578 2026 quoq'ue
592 1971 739 2011 accidit
753 1975 789 2010 in
800 1971 897 2012 Peru
911 2001 919 2016 ,
935 1973 1042 2013 cuius
1056 1972 1194 2013 incolae
1209 1972 1350 2013 liberos
1364 1971 1448 2011 suos
1462 1972 1567 2024 nullo
1577 1970 1657 2012 fere
1671 1987 1762 2027 pre-

166 2031 222 2068 tio
240 2029 421 2071 vendunt,
438 2032 622 2084 proximo
635 2029 777 2083 cuique
803 2029 925 2068 obuio
948 2059 957 2067 ,
989 2029 1054 2068 Ad
1077 2029 1180 2068 hanc
1196 2030 1445 2069 calamitatem
1472 2031 1578 2082 cogit
1598 2029 1762 2083 egestas,

166 2093 253 2138 q‘uae
269 2084 347 2126 fere
363 2084 633 2140 impossibilem
649 2086 782 2124 reddit
795 2083 935 2123 sobolis
951 2085 1222 2125 educationem
1244 2117 1252 2126 .
1286 2085 1442 2125 Tartari
1471 2087 1513 2126 ὃς
1535 2087 1685 2125 Arabes
1712 2099 1762 2126 ex

165 2140 245 2182 solo
260 2154 372 2196 raptu
383 2141 518 2181 viuunt
533 2171 541 2182 .
564 2140 751 2181 Nasaceni
769 2142 810 2180 &
823 2139 929 2180 Cafri
944 2141 1056 2195 plane
1070 2140 1141 2182 feri
1152 2144 1190 2181 in
1209 2144 1389 2196 Aetiopia
1401 2164 1411 2184 2
1428 2140 1599 2183 fimiliter
1614 2155 1663 2183 ex
1673 2157 1763 2197 rap-

167 2208 208 2238 tu
220 2201 331 2239 vitam
346 2199 504 2247 ducunt,
513 2196 714 2252 naufragos
725 2197 928 2252 depredati
936 2196 1045 2238 tes:id
1057 2199 1166 2253 quod
1177 2199 1302 2254 sepius
1314 2202 1469 2253 experti
1484 2198 1571 2239 sunt
1580 2200 1762 2241 Lusitani.

222 2257 362 2310 Neque
373 2255 577 2296 obscurum
593 2259 770 2309 cuiquam
786 2265 887 2309 puto
899 2282 909 2298 ‚
925 2254 1056 2297 Gallos
1068 2285 1077 2300 ‚
1102 2257 1306 2297 Teutones
1324 2279 1334 2300 ‚
1355 2254 1548 2300 Getho's,÷
1562 2257 1736 2310 Vngaros
1750 2281 1761 2299 ‚

167 2314 360 2353 Tartaros
372 2343 380 2357 ,
393 2310 559 2367 aliosque
571 2312 740 2366 populos
755 2341 764 2357 ‚
793 2325 879 2352 cum
895 2313 1022 2368 patria
1038 2312 1226 2368 angustior
1240 2314 1334 2354 esset
1346 2336 1357 2356 2
1371 2324 1685 2368 quamvtomnes
1699 2328 1761 2354 ca-

165 2370 341 2425 pet-eu&
355 2370 608 2414 aleten-”haud
625 2368 732 2409 lemel
742 2372 782 2409 in
793 2381 948 2410 exteras
963 2371 1142 2424 regiones
1150 2372 1288 2412 'eietstis
1305 2371 1448 2411 incolis
1461 2369 1639 2425 migrasse.
1651 2371 1759 2411 Hinc

169 2431 272 2468 intra
285 2425 579 2481 aliquot-saecula
594 2436 653 2467 tot
668 2425 900 2467 mutationes
912 2425 1093 2482 paffim'in‘
1107 2431 1263 2483 Europa
1274 2437 1393 2483 atque·
1405 2428 1494 2471 Afia
1506 2457 1516 2472 ‚
1531 2441 1688 2481 quarum
1700 2442 1761 2467 re·

170 2487 303 2538 giones
320 2482 564 2539 a'tque-‘vsbes
574 2485 786 2524 aduentitia
795 2498 885 2538 gens
901 2484 1018 2539 pulfis
1045 2487 1178 2540 primis
1200 2486 1586 2539 colonisroccupauit
1604 2513 1613 2521 .
1645 2488 1765 2526 Ratio

167 2544 204 2580 in
230 2552 420 2595 promptu·
440 2539 493 2580 est
512 2550 524 2582 .‘
547 2551 610 2580 aut
631 2542 730 2580 enim
755 2542 908 2582 nimiam
922 2542 1135 2583 incolarum
1153 2543 1432 2584 multitudinem
1446 2545 1569 2596 patria
1583 2538 1768 2581 nonfere-

178 2595 246 2637 bat
260 2597 534 2638 iautmelioris
545 2600 631 2637 vitae
647 2597 734 2636 alibi
749 2598 944 2639 ducendae
958 2599 1155 2640 defiderio
1169 2600 1224 2639 illi
1235 2599 1487 2639 tenebantur.

230 2654 451 2694 Indeetiam
471 2668 517 2694 ex
527 2658 772 2710 paupertatis
785 2650 1102 2695 miseriaiubortae
1125 2657 1395 2709 praedationes
1415 2684 1424 2700 ,
1444 2656 1487 2695 &
1511 2653 1760 2696 latrocinia-,z

85 2701 135 2751 D
165 2708 255 2749 inde
267 2714 378 2751 etiam
388 2724 439 2753 ex
454 2711 617 2752 ditionis
632 2714 892 2766 incapacitate
906 2722 968 2751 tot
981 2716 1256 2752 contentiones
1276 2713 1316 2752 &
1329 2712 1607 2754 'controuerfiae
1627 2711 1758 2752 finium

165 2765 506 2809 herciscundorum
520 2768 673 2809 :limites
684 2798 693 2814 ‚
706 2767 831 2821 fossae,
848 2765 955 2824 sepes
970 2798 979 2812 ,
990 2773 1161 2809 maceriae
1173 2799 1182 2814 ,
1193 2771 1270 2810 &o
1286 2769 1425 2825 quibus
1436 2769 1581 2825 praedia
1593 2772 1761 2810 circum-

167 2823 298 2864 damus
309 2853 317 2868 ,
335 2823 511 2865 custodes
524 2840 680 2866 vuarum
699 2827 740 2866 ὅ(
753 2825 898 2880 frugum
910 2855 919 2870 ,
934 2825 1036 2867 fores
1049 2828 1186 2867 aedium
1199 2856 1208 2871 ‚
1224 2825 1323 2872 serae,
1339 2829 1382 2866 &
1396 2825 1529 2881 peffuli
1543 2857 1551 2871 ,
1565 2840 1677 2867 canes
1690 2840 1757 2879 ap-

160 2879 276 2936 positi
288 2903 299 2923 2
318 2878 401 2920 sat-is
414 2886 574 2935 arguunt
587 2884 718 2923 mundi
734 2882 1044 2938 angustiam,quae
1062 2886 1212 2924 tenuius
1225 2883 1431 2925 neceffaria
1444 2880 1677 2939 suppeditat,
1690 2883 1758 2920 mi-

159 2936 302 2993 nusque
317 2936 505 2978 defideria
514 2939 648 2992 explet
664 2970 672 2980 .
703 2941 813 2989 Quid
829 2953 1127 2991 commemorem
1140 2953 1301 2982 cruenta
1317 2956 1417 2982 arma
1438 2970 1448 2984 ,
1473 2942 1508 2980 in
1525 2953 1610 2994 qua:
1627 2938 1755 2977 inuice

157 2994 477 3050 procumbimus?
494 2996 588 3050 quid
602 2994 717 3039 saeum
735 2998 776 3036 δε
792 2997 973 3037 diuturna
987 2997 1225 3039 bellaomnia
1240 2999 1474 3053 proruentia
1497 3006 1511 3037 ἓ
1538 2995 1632 3051 quid
1646 3008 1755 3035 com-

157 3062 300 3093 meatus
313 3075 324 3095 ,
341 3055 571 3093 munitiones
583 3075 592 3094 2
604 3051 801 3106 praefidia.
815 3055 1092 3108 expeditiones
1105 3078 1116 3098 ‚
1127 3056 1228 3110 ‘quid
1242 3070 1369 3096 muros
1385 3064 1399 3095 ?

213 3110 351 3165 Neque
367 3108 454 3151 haec
467 3107 582 3149 solum
597 3108 981 3163 malorumscaturigo
993 3115 1119 3151 omnia
1138 3117 1319 3152 continet
1346 3143 1353 3151 .
1388 3109 1597 3152 Accedunt
1623 3111 1752 3149 eninh

161 3177 345 3219 praeterea
357 3165 422 3207 soli
435 3165 650 3207 sterilitates
662 3189 672 3209 2
685 3180 845 3206 annonae
858 3169 1215 3213 caritates,occultae
1231 3170 1272 3209 &
1284 3166 1470 3222 pestiferae
1482 3166 1581 3206 coeli
1593 3163 1756 3206 influen-

159 3223 222 3262 tiae
235 3246 246 3266 ‚
260 3222 608 3278 morbicontagiofi
619 3253 627 3267 ‚
640 3222 758 3279 pestis
768 3253 778 3270 ‚
795 3234 1035 3266 terraemotus
1045 3249 1056 3269 ‚
1070 3227 1344 3272 inundationes
1357 3227 1466 3265 maris
1480 3253 1490 3269 ,
1502 3223 1753 3278 alia-rumque,

1583 3294 1699 3336 aqua-
